{"channel":"orderbook","market":"BTC-PERP","type":"subscribed"}
{"channel":"orderbook","data":{"action":"partial","asks":[[42071,4.9177],[42072,2.0461999999999998],[42073,2.1088],[42074,0.48930000000000001],[42075,2.8129],[42076,1.0287999999999999],[42077,1.9883999999999999],[42078,9.5166000000000004],[42079,2.2559999999999998],[42080,3.3475999999999999],[42081,2.7645],[42082,1.7766],[42083,1.9377],[42084,3.3027000000000002],[42085,1.9863],[42086,0.55300000000000005],[42087,0.32219999999999999],[42088,2.1698],[42089,1.8657999999999999],[42090,4.9722999999999997],[42091,2.2984],[42092,5.3113999999999999],[42093,1.2411000000000001],[42094,1.4231],[42095,14.591799999999999],[42096,29.872499999999999],[42097,0.0557],[42098,10.8024],[42099,7.3712999999999997],[42100,3.6311],[42101,9.4108000000000001],[42102,6.6144999999999996],[42103,8.5641999999999996],[42104,11.384399999999999],[42105,2.1568999999999998],[42106,4.6397000000000004],[42107,0.0557],[42108,5.6738],[42109,0.1731],[42110,11.1631],[42111,5.1803999999999997],[42112,2.4236],[42113,0.82669999999999999],[42114,4.0365000000000002],[42115,0.9577],[42116,1.0905],[42117,2.0589],[42118,0.82589999999999997],[42119,0.127],[42120,1.9345000000000001],[42121,1.3774],[42122,1.8656999999999999],[42123,0.028500000000000001],[42124,0.15740000000000001],[42125,0.96240000000000003],[42126,21.182200000000002],[42127,2.4479000000000002],[42128,0.34239999999999998],[42129,0.2016],[42130,0.1065],[42131,1.2495000000000001],[42132,1.6213],[42133,5.4432],[42134,7.9630999999999998],[42135,1.1433],[42136,1.1812],[42137,0.010699999999999999],[42138,7.2476000000000003],[42139,9.4666999999999994],[42140,1.1079000000000001],[42141,7.4150999999999998],[42142,0.014500000000000001],[42143,0.10639999999999999],[42144,0.01],[42145,10.9703],[42146,0.0058999999999999999],[42147,0.01],[42148,0.088700000000000001],[42149,0.13539999999999999],[42150,0.2175],[42151,0.023199999999999998],[42152,5.8587999999999996],[42153,8.1213999999999995],[42154,1.1807000000000001],[42155,1.2013],[42156,0.0206],[42157,0.099599999999999994],[42158,0.63619999999999999],[42159,3.0720000000000001],[42160,0.077899999999999997],[42161,4.3955000000000002],[42162,0.024799999999999999],[42163,0.0047999999999999996],[42164,3.0792999999999999],[42165,5],[42166,0.2452],[42167,0.036299999999999999],[42168,17.263000000000002],[42169,0.68999999999999995],[42170,7.5430000000000001]],"bids":[[42070,0.32240000000000002],[42069,0.55269999999999997],[42067,2.2412999999999998],[42066,4.5754000000000001],[42065,1.6756],[42064,5.2266000000000004],[42063,0.43859999999999999],[42062,1.1419999999999999],[42061,0.73209999999999997],[42060,1.8722000000000001],[42059,3.4594999999999998],[42058,6.5899000000000001],[42057,0.48959999999999998],[42056,1.5629999999999999],[42055,0.64690000000000003],[42054,0.48559999999999998],[42053,0.95120000000000005],[42052,0.83830000000000005],[42051,0.95420000000000005],[42050,0.16700000000000001],[42049,6.9775],[42048,8.1839999999999993],[42047,0.76770000000000005],[42046,0.47570000000000001],[42045,1.6936],[42044,3.1835],[42043,1.6507000000000001],[42042,23.169699999999999],[42041,2.1408999999999998],[42040,2.2559],[42039,0.2079],[42038,0.622],[42037,5.1098999999999997],[42036,1.4805999999999999],[42035,1.5633999999999999],[42034,5.4432999999999998],[42033,2.3441000000000001],[42032,0.3659],[42031,0.56899999999999995],[42030,5.431],[42029,6.5021000000000004],[42028,1.0539000000000001],[42027,1.3134999999999999],[42026,1.9276],[42025,0.66059999999999997],[42024,1.5999000000000001],[42023,10.058199999999999],[42022,0.4123],[42021,1.6984999999999999],[42020,1.0293000000000001],[42019,1.0828],[42018,7.2384000000000004],[42017,2.4135],[42015,4.3364000000000003],[42014,0.096100000000000005],[42013,3.7572000000000001],[42012,1.1917],[42011,0.049700000000000001],[42010,3.1231],[42009,5.4592000000000001],[42008,0.95269999999999999],[42007,1.7519],[42006,0.1094],[42005,3.7025000000000001],[42004,1.3808],[42003,8.4092000000000002],[42002,3.2471999999999999],[42000,9.9380000000000006],[41999,0.19650000000000001],[41998,0.53959999999999997],[41997,2.1269],[41996,19.762899999999998],[41995,0.15659999999999999],[41994,0.14080000000000001],[41993,0.40179999999999999],[41992,0.48899999999999999],[41991,0.01],[41990,1.9672000000000001],[41989,9.4383999999999997],[41988,0.047199999999999999],[41987,0.253],[41985,0.91469999999999996],[41984,0.1115],[41983,6.6863000000000001],[41982,0.83330000000000004],[41981,0.0070000000000000001],[41980,5.9345999999999997],[41979,0.098299999999999998],[41978,1.2932999999999999],[41977,11.9361],[41976,1.5527],[41975,0.58179999999999998],[41974,7.9429999999999996],[41973,0.016],[41972,0.0058999999999999999],[41971,0.098500000000000004],[41970,1.0345],[41969,0.016899999999999998],[41968,0.0035000000000000001],[41967,5.3577000000000004]],"checksum":1384338968,"time":1642502810.6041741},"market":"BTC-PERP","type":"partial"}
{"channel":"orderbook","data":{"action":"update","asks":[[42077,2.4590999999999998]],"bids":[[42058,6.2164999999999999]],"checksum":1863904991,"time":1642502810.6277876},"market":"BTC-PERP","type":"update"}
{"channel":"orderbook","data":{"action":"update","asks":[[42072,2.0451999999999999]],"bids":[],"checksum":2726243534,"time":1642502810.6597779},"market":"BTC-PERP","type":"update"}
{"channel":"orderbook","data":{"action":"update","asks":[[42082,2.0144000000000002]],"bids":[[42045,1.9036999999999999],[42008,6.4378000000000002]],"checksum":4066713356,"time":1642502810.6793263},"market":"BTC-PERP","type":"update"}
{"channel":"orderbook","data":{"action":"update","asks":[[42071,4.9187000000000003]],"bids":[],"checksum":3719880791,"time":1642502810.7548444},"market":"BTC-PERP","type":"update"}
{"channel":"orderbook","data":{"action":"update","asks":[[42080,10.4481]],"bids":[],"checksum":577315573,"time":1642502810.7777719},"market":"BTC-PERP","type":"update"}
{"channel":"orderbook","data":{"action":"update","asks":[[42078,1.6395999999999999]],"bids":[],"checksum":294765032,"time":1642502810.8061414},"market":"BTC-PERP","type":"update"}
{"channel":"orderbook","data":{"action":"update","asks":[],"bids":[[42018,2.4097]],"checksum":2897243155,"time":1642502810.8270276},"market":"BTC-PERP","type":"update"}
{"channel":"orderbook","data":{"action":"update","asks":[],"bids":[[42066,3.7349999999999999],[42051,10.3462]],"checksum":2725337340,"time":1642502810.8539257},"market":"BTC-PERP","type":"update"}
{"channel":"orderbook","data":{"action":"update","asks":[],"bids":[[42048,0.52229999999999999],[42015,9.1651000000000007]],"checksum":4196418334,"time":1642502810.8791809},"market":"BTC-PERP","type":"update"}
{"channel":"orderbook","data":{"action":"update","asks":[],"bids":[[42058,6.5899000000000001]],"checksum":609721774,"time":1642502810.9057205},"market":"BTC-PERP","type":"update"}
{"channel":"orderbook","data":{"action":"update","asks":[[42168,0.0344]],"bids":[],"checksum":3242167058,"time":1642502810.9284694},"market":"BTC-PERP","type":"update"}
{"channel":"orderbook","data":{"action":"update","asks":[[42117,2.1086]],"bids":[[42051,10.5364]],"checksum":271567254,"time":1642502810.9540267},"market":"BTC-PERP","type":"update"}
{"channel":"orderbook","data":{"action":"update","asks":[[42073,2.0588000000000002]],"bids":[[42050,0.0050000000000000001]],"checksum":1023024039,"time":1642502811.0284171},"market":"BTC-PERP","type":"update"}
{"channel":"orderbook","data":{"action":"update","asks":[[42073,1.2379]],"bids":[],"checksum":631412210,"time":1642502811.0539839},"market":"BTC-PERP","type":"update"}
{"channel":"orderbook","data":{"action":"update","asks":[[42129,0.0111]],"bids":[[42070,0.25109999999999999]],"checksum":1604519347,"time":1642502811.0786858},"market":"BTC-PERP","type":"update"}
{"channel":"orderbook","data":{"action":"update","asks":[[42073,0.37209999999999999]],"bids":[[42058,6.2164999999999999]],"checksum":2352268970,"time":1642502811.1050806},"market":"BTC-PERP","type":"update"}
{"channel":"orderbook","data":{"action":"update","asks":[[42163,17.2334]],"bids":[[42060,2.0341999999999998]],"checksum":1672193075,"time":1642502811.1290131},"market":"BTC-PERP","type":"update"}
{"channel":"orderbook","data":{"action":"update","asks":[[42094,0.82320000000000004],[42117,2.2991000000000001]],"bids":[[42025,0.48920000000000002],[42020,1.0353000000000001],[42013,3.7763],[42007,1.1519999999999999]],"checksum":1908078605,"time":1642502811.1567743},"market":"BTC-PERP","type":"update"}
{"channel":"orderbook","data":{"action":"update","asks":[[42071,4.9687000000000001],[42091,2.5708000000000002]],"bids":[],"checksum":3237109873,"time":1642502811.1797252},"market":"BTC-PERP","type":"update"}
{"channel":"orderbook","data":{"action":"update","asks":[],"bids":[[42067,2.3126000000000002]],"checksum":1466169273,"time":1642502811.2072845},"market":"BTC-PERP","type":"update"}
{"channel":"orderbook","data":{"action":"update","asks":[[42087,0.74850000000000005],[42163,17.229700000000001]],"bids":[],"checksum":3854682705,"time":1642502811.2560461},"market":"BTC-PERP","type":"update"}
{"channel":"orderbook","data":{"action":"update","asks":[[42162,0.028400000000000002]],"bids":[[42037,4.9671000000000003]],"checksum":3761517604,"time":1642502811.3472056},"market":"BTC-PERP","type":"update"}
{"channel":"orderbook","data":{"action":"update","asks":[],"bids":[[41977,3.7925]],"checksum":2839540270,"time":1642502811.361412},"market":"BTC-PERP","type":"update"}
{"channel":"orderbook","data":{"action":"update","asks":[[42085,1.9853000000000001],[42110,1.5821000000000001]],"bids":[],"checksum":676503033,"time":1642502811.4121594},"market":"BTC-PERP","type":"update"}
{"channel":"orderbook","data":{"action":"update","asks":[],"bids":[[42070,0.2591],[42058,6.5899000000000001],[41974,16.086600000000001]],"checksum":1772881771,"time":1642502811.4380298},"market":"BTC-PERP","type":"update"}
{"channel":"orderbook","data":{"action":"update","asks":[[42094,1.4231]],"bids":[[42006,0.70930000000000004]],"checksum":1751055435,"time":1642502811.4629891},"market":"BTC-PERP","type":"update"}
{"channel":"orderbook","data":{"action":"update","asks":[[42081,2.7654999999999998],[42117,11.880100000000001]],"bids":[],"checksum":612094598,"time":1642502811.4887276},"market":"BTC-PERP","type":"update"}
{"channel":"orderbook","data":{"action":"update","asks":[],"bids":[[42070,0.019300000000000001]],"checksum":4248839070,"time":1642502811.512676},"market":"BTC-PERP","type":"update"}
{"channel":"orderbook","data":{"action":"update","asks":[[42085,1.9447000000000001]],"bids":[[42069,0.51600000000000001],[42058,6.2164999999999999]],"checksum":2130488624,"time":1642502811.5373259},"market":"BTC-PERP","type":"update"}
{"channel":"orderbook","data":{"action":"update","asks":[],"bids":[[42058,4.9044999999999996],[42029,5.931],[41982,0.01]],"checksum":3266292181,"time":1642502811.5608106},"market":"BTC-PERP","type":"update"}
{"channel":"orderbook","data":{"action":"update","asks":[[42079,2.2677],[42080,10.436400000000001]],"bids":[[42067,2.1938]],"checksum":3017099831,"time":1642502811.5887053},"market":"BTC-PERP","type":"update"}
{"channel":"orderbook","data":{"action":"update","asks":[[42083,1.9782999999999999]],"bids":[[42060,1.5342]],"checksum":2813429622,"time":1642502811.6117363},"market":"BTC-PERP","type":"update"}
{"channel":"orderbook","data":{"action":"update","asks":[[42072,2.7023000000000001]],"bids":[[42062,1.2607999999999999],[41994,0.029000000000000001]],"checksum":635835610,"time":1642502811.6618063},"market":"BTC-PERP","type":"update"}
{"channel":"orderbook","data":{"action":"update","asks":[[42074,1.6493],[42075,3.5695999999999999]],"bids":[],"checksum":2310079370,"time":1642502811.691669},"market":"BTC-PERP","type":"update"}
{"channel":"orderbook","data":{"action":"update","asks":[[42145,0],[42171,1.1801999999999999]],"bids":[[42009,5.6649000000000003]],"checksum":3299105684,"time":1642502811.7118156},"market":"BTC-PERP","type":"update"}
{"channel":"orderbook","data":{"action":"update","asks":[[42071,5.0186999999999999]],"bids":[[42004,1.4924999999999999],[41974,8.6814999999999998]],"checksum":3640249399,"time":1642502811.7378974},"market":"BTC-PERP","type":"update"}
{"channel":"orderbook","data":{"action":"update","asks":[[42073,1.2801]],"bids":[],"checksum":4274269897,"time":1642502811.7618203},"market":"BTC-PERP","type":"update"}
{"channel":"orderbook","data":{"action":"update","asks":[[42072,3.8422999999999998],[42139,20.437000000000001]],"bids":[[42064,2.9681999999999999]],"checksum":1838642123,"time":1642502811.7885213},"market":"BTC-PERP","type":"update"}
{"channel":"orderbook","data":{"action":"update","asks":[],"bids":[[42057,0.98960000000000004],[42051,1.1444000000000001],[42048,7.8449999999999998],[41967,12.7628]],"checksum":3552039059,"time":1642502811.8119268},"market":"BTC-PERP","type":"update"}
{"channel":"orderbook","data":{"action":"update","asks":[[42077,2.3187000000000002],[42079,2.2559999999999998],[42092,3.0545]],"bids":[[42030,5.3739999999999997]],"checksum":2080950827,"time":1642502811.8365908},"market":"BTC-PERP","type":"update"}
{"channel":"orderbook","data":{"action":"update","asks":[[42078,9.2586999999999993],[42165,0],[42173,1.6800999999999999]],"bids":[[42063,2.6970999999999998]],"checksum":4068213268,"time":1642502811.8612587},"market":"BTC-PERP","type":"update"}
{"channel":"orderbook","data":{"action":"update","asks":[[42080,3.3359000000000001]],"bids":[],"checksum":3506793566,"time":1642502811.8873208},"market":"BTC-PERP","type":"update"}
{"channel":"orderbook","data":{"action":"update","asks":[[42090,7.2293000000000003]],"bids":[],"checksum":2897659792,"time":1642502811.9108117},"market":"BTC-PERP","type":"update"}
{"channel":"orderbook","data":{"action":"update","asks":[[42141,0.01]],"bids":[[42070,0.0080000000000000002],[42069,0.52769999999999995],[42031,0.56540000000000001],[41983,5.8631000000000002]],"checksum":2225513413,"time":1642502811.9386115},"market":"BTC-PERP","type":"update"}
{"channel":"orderbook","data":{"action":"update","asks":[[42160,5.0778999999999996]],"bids":[[42058,5.2778999999999998],[42045,1.6936],[42026,2.0990000000000002],[42002,2.5615000000000001]],"checksum":1706878456,"time":1642502811.9623404},"market":"BTC-PERP","type":"update"}
{"channel":"orderbook","data":{"action":"update","asks":[[42080,3.5259999999999998]],"bids":[[42031,0.56889999999999996]],"checksum":2730350358,"time":1642502811.9871311},"market":"BTC-PERP","type":"update"}
{"channel":"orderbook","data":{"action":"update","asks":[[42098,5.3173000000000004],[42134,15.3682]],"bids":[[42044,3.3936000000000002]],"checksum":513774104,"time":1642502812.0144179},"market":"BTC-PERP","type":"update"}
{"channel":"orderbook","data":{"action":"update","asks":[],"bids":[[42062,1.1608000000000001]],"checksum":2169992086,"time":1642502812.0630193},"market":"BTC-PERP","type":"update"}
{"channel":"orderbook","data":{"action":"update","asks":[[42081,2.9058999999999999],[42095,20.076899999999998],[42123,0.018499999999999999]],"bids":[[42063,0.43859999999999999],[42045,1.6836],[42026,2.1560000000000001]],"checksum":3230853138,"time":1642502812.0872166},"market":"BTC-PERP","type":"update"}
{"channel":"orderbook","data":{"action":"update","asks":[[42152,0.85880000000000001]],"bids":[],"checksum":3372800677,"time":1642502812.1122704},"market":"BTC-PERP","type":"update"}
{"channel":"orderbook","data":{"action":"update","asks":[],"bids":[[42070,0],[42069,0.51600000000000001],[41966,1.0510999999999999]],"checksum":1140589115,"time":1642502812.141104},"market":"BTC-PERP","type":"update"}
{"channel":"orderbook","data":{"action":"update","asks":[[42071,4.6791999999999998],[42072,3.2423000000000002]],"bids":[[42066,3.7250000000000001],[42058,4.9044999999999996],[42047,1.2434000000000001]],"checksum":2787411634,"time":1642502812.1702015},"market":"BTC-PERP","type":"update"}
{"channel":"orderbook","data":{"action":"update","asks":[[42070,0.51900000000000002],[42071,4.0193000000000003],[42173,0]],"bids":[[42062,3.4192999999999998],[42031,0.56540000000000001]],"checksum":39416574,"time":1642502812.196738},"market":"BTC-PERP","type":"update"}
{"channel":"orderbook","data":{"action":"update","asks":[[42070,5.3338999999999999],[42071,3.3626999999999998],[42072,2.1023000000000001],[42073,1.2450000000000001],[42079,2.1997]],"bids":[[42069,0.001],[42068,0.011299999999999999],[42065,0.90359999999999996],[42060,1.6342000000000001],[42044,3.1835],[41966,0]],"checksum":981962427,"time":1642502812.2243993},"market":"BTC-PERP","type":"update"}
{"channel":"orderbook","data":{"action":"update","asks":[[42070,5.4531999999999998],[42071,1.6495],[42072,1.4973000000000001],[42162,0.024799999999999999]],"bids":[],"checksum":1867838767,"time":1642502812.2497268},"market":"BTC-PERP","type":"update"}
{"channel":"orderbook","data":{"action":"update","asks":[[42070,4.7019000000000002],[42071,1.1049],[42073,0.30299999999999999],[42091,2.2984],[42092,3.0533999999999999],[42165,0.01],[42171,0]],"bids":[[42063,1.0333000000000001],[42056,2.1280000000000001],[42031,0.56889999999999996],[42029,5.9409999999999998]],"checksum":1745970969,"time":1642502812.2746642},"market":"BTC-PERP","type":"update"}
{"channel":"orderbook","data":{"action":"update","asks":[[42070,6.2512999999999996],[42072,2.4672999999999998],[42074,0.48930000000000001]],"bids":[[42065,1.744],[42051,1.1433]],"checksum":3578216425,"time":1642502812.2960236},"market":"BTC-PERP","type":"update"}
{"channel":"orderbook","data":{"action":"update","asks":[[42070,6.9015000000000004],[42071,1.1039000000000001],[42072,1.8102],[42142,5.0145],[42160,5.0814000000000004]],"bids":[[42066,3.1448999999999998],[42063,1.8052999999999999],[42043,1.8608]],"checksum":4160996733,"time":1642502812.3210797},"market":"BTC-PERP","type":"update"}
{"channel":"orderbook","data":{"action":"update","asks":[[42072,2.7181000000000002],[42087,0.74960000000000004]],"bids":[[42046,0.4768],[41999,0.0060000000000000001]],"checksum":2861439425,"time":1642502812.3555737},"market":"BTC-PERP","type":"update"}
{"channel":"orderbook","data":{"action":"update","asks":[],"bids":[[42063,2.3854000000000002],[42062,2.7271999999999998]],"checksum":3391928744,"time":1642502812.3765192},"market":"BTC-PERP","type":"update"}
{"channel":"orderbook","data":{"action":"update","asks":[[42070,5.1163999999999996],[42072,1.8102],[42076,0.91010000000000002],[42089,1.3903000000000001]],"bids":[[41997,2.3174000000000001]],"checksum":960854090,"time":1642502812.4094431},"market":"BTC-PERP","type":"update"}
{"channel":"orderbook","data":{"action":"update","asks":[[42070,5.1726999999999999],[42092,2.9940000000000002]],"bids":[[42058,5.2778999999999998],[42040,2.0895000000000001],[42033,2.2847]],"checksum":2253802107,"time":1642502812.4276462},"market":"BTC-PERP","type":"update"}
{"channel":"orderbook","data":{"action":"update","asks":[[42076,1.3856999999999999],[42102,6.5551000000000004]],"bids":[[42069,0.24079999999999999],[42054,0.59519999999999995]],"checksum":42864865,"time":1642502812.4537547},"market":"BTC-PERP","type":"update"}
{"channel":"orderbook","data":{"action":"update","asks":[[42070,5.1859999999999999],[42071,1.6849000000000001]],"bids":[[42067,2.0284],[42023,10.117599999999999]],"checksum":4177562746,"time":1642502812.4772675},"market":"BTC-PERP","type":"update"}
{"channel":"orderbook","data":{"action":"update","asks":[[42083,2.0377000000000001]],"bids":[[42043,1.6507000000000001],[42031,0.73529999999999995]],"checksum":2830346119,"time":1642502812.5039434},"market":"BTC-PERP","type":"update"}
{"channel":"orderbook","data":{"action":"update","asks":[[42073,0.96399999999999997],[42091,2.3578000000000001]],"bids":[[42069,0.001]],"checksum":1104923781,"time":1642502812.5283287},"market":"BTC-PERP","type":"update"}
{"channel":"orderbook","data":{"action":"update","asks":[],"bids":[[42045,1.8934]],"checksum":709326077,"time":1642502812.5532541},"market":"BTC-PERP","type":"update"}
{"channel":"orderbook","data":{"action":"update","asks":[],"bids":[[41975,1.5698000000000001]],"checksum":3575419092,"time":1642502812.5766325},"market":"BTC-PERP","type":"update"}
{"channel":"orderbook","data":{"action":"update","asks":[[42073,1.0827]],"bids":[],"checksum":2085774253,"time":1642502812.6036208},"market":"BTC-PERP","type":"update"}
{"channel":"orderbook","data":{"action":"update","asks":[[42070,6.1760000000000002]],"bids":[[42067,1.9414],[42066,2.4285999999999999],[42044,3.6591999999999998],[42006,1.5321]],"checksum":445073142,"time":1642502812.627768},"market":"BTC-PERP","type":"update"}
{"channel":"orderbook","data":{"action":"update","asks":[[42080,3.3359000000000001]],"bids":[],"checksum":53078241,"time":1642502812.6554711},"market":"BTC-PERP","type":"update"}
{"channel":"orderbook","data":{"action":"update","asks":[[42070,6.0727000000000002]],"bids":[],"checksum":821226385,"time":1642502812.6970205},"market":"BTC-PERP","type":"update"}
{"channel":"orderbook","data":{"action":"update","asks":[[42099,3.6688000000000001]],"bids":[[42060,1.3371]],"checksum":678089876,"time":1642502812.7273085},"market":"BTC-PERP","type":"update"}
{"channel":"orderbook","data":{"action":"update","asks":[],"bids":[[42067,0.98019999999999996],[42015,5.0933000000000002],[42007,1.9748000000000001]],"checksum":3294833023,"time":1642502812.7768416},"market":"BTC-PERP","type":"update"}
{"channel":"orderbook","data":{"action":"update","asks":[[42079,2.3898000000000001],[42097,3.7582]],"bids":[[42057,1.2867999999999999]],"checksum":1819048818,"time":1642502812.8011112},"market":"BTC-PERP","type":"update"}
{"channel":"orderbook","data":{"action":"update","asks":[],"bids":[[42012,5.2634999999999996]],"checksum":1207994650,"time":1642502812.8527114},"market":"BTC-PERP","type":"update"}
{"channel":"orderbook","data":{"action":"update","asks":[],"bids":[[42005,0],[41966,1.0510999999999999]],"checksum":3334937378,"time":1642502812.8754861},"market":"BTC-PERP","type":"update"}
{"channel":"orderbook","data":{"action":"update","asks":[],"bids":[[42057,1.9901],[42004,5.1950000000000003]],"checksum":2193993024,"time":1642502812.9276755},"market":"BTC-PERP","type":"update"}
{"channel":"orderbook","data":{"action":"update","asks":[[42089,1.1902999999999999],[42100,3.2311000000000001]],"bids":[[42002,2.3614999999999999],[41992,0.088999999999999996]],"checksum":2027078832,"time":1642502813.0806103},"market":"BTC-PERP","type":"update"}
{"channel":"orderbook","data":{"action":"update","asks":[[42104,6.5556999999999999]],"bids":[[42013,3.7515000000000001]],"checksum":1201964754,"time":1642502813.126071},"market":"BTC-PERP","type":"update"}
{"channel":"orderbook","data":{"action":"update","asks":[],"bids":[[42060,2.0081000000000002]],"checksum":3361135495,"time":1642502813.1761587},"market":"BTC-PERP","type":"update"}
{"channel":"orderbook","data":{"action":"update","asks":[[42075,3.5577999999999999],[42081,7.9067999999999996],[42088,6.9984999999999999]],"bids":[[42050,6.9092000000000002],[42018,2.4344999999999999]],"checksum":4184214570,"time":1642502813.2012124},"market":"BTC-PERP","type":"update"}
{"channel":"orderbook","data":{"action":"update","asks":[],"bids":[[42048,0.52229999999999999]],"checksum":2051240636,"time":1642502813.2279186},"market":"BTC-PERP","type":"update"}
{"channel":"orderbook","data":{"action":"update","asks":[[42070,6.0594000000000001],[42078,1.6513],[42081,7.7664]],"bids":[],"checksum":2705677799,"time":1642502813.2522078},"market":"BTC-PERP","type":"update"}
{"channel":"orderbook","data":{"action":"update","asks":[[42075,3.6981000000000002]],"bids":[],"checksum":1478607549,"time":1642502813.2763445},"market":"BTC-PERP","type":"update"}
{"channel":"orderbook","data":{"action":"update","asks":[],"bids":[[42059,4.4005999999999998],[42002,2.5615000000000001]],"checksum":4018847668,"time":1642502813.3020177},"market":"BTC-PERP","type":"update"}
{"channel":"orderbook","data":{"action":"update","asks":[[42070,5.3825000000000003],[42089,1.3903000000000001]],"bids":[[42035,1.3183]],"checksum":2745397251,"time":1642502813.3456323},"market":"BTC-PERP","type":"update"}
{"channel":"orderbook","data":{"action":"update","asks":[],"bids":[[42069,0.24079999999999999],[42007,1.0661]],"checksum":523362796,"time":1642502813.4115224},"market":"BTC-PERP","type":"update"}
{"channel":"orderbook","data":{"action":"update","asks":[[42070,5.3943000000000003],[42099,4.0688000000000004]],"bids":[[42008,0.95269999999999999]],"checksum":138059964,"time":1642502813.4376075},"market":"BTC-PERP","type":"update"}
{"channel":"orderbook","data":{"action":"update","asks":[[42089,1.663]],"bids":[[42069,0.50749999999999995]],"checksum":1328666285,"time":1642502813.4852159},"market":"BTC-PERP","type":"update"}
{"channel":"orderbook","data":{"action":"update","asks":[[42095,16.005099999999999]],"bids":[[42069,0.26769999999999999],[42015,0.2646],[42006,7.0171999999999999]],"checksum":2066838014,"time":1642502813.5605917},"market":"BTC-PERP","type":"update"}
{"channel":"orderbook","data":{"action":"update","asks":[],"bids":[[42069,0.001]],"checksum":2980246580,"time":1642502813.585515},"market":"BTC-PERP","type":"update"}
{"channel":"orderbook","data":{"action":"update","asks":[[42096,25.563400000000001]],"bids":[[42014,4.9248000000000003]],"checksum":469483763,"time":1642502813.6103842},"market":"BTC-PERP","type":"update"}
{"channel":"orderbook","data":{"action":"update","asks":[[42085,1.8447],[42093,5.3129],[42100,3.2145000000000001]],"bids":[[42069,0.012999999999999999]],"checksum":2937423578,"time":1642502813.6355855},"market":"BTC-PERP","type":"update"}
{"channel":"orderbook","data":{"action":"update","asks":[[42070,5.3993000000000002],[42083,1.9971000000000001]],"bids":[],"checksum":1431721808,"time":1642502813.6602316},"market":"BTC-PERP","type":"update"}
{"channel":"orderbook","data":{"action":"update","asks":[[42073,0.42170000000000002]],"bids":[[42067,0.90890000000000004]],"checksum":1240996787,"time":1642502813.6860461},"market":"BTC-PERP","type":"update"}
{"channel":"orderbook","data":{"action":"update","asks":[[42074,0.49130000000000001],[42081,7.8663999999999996],[42113,6.6664000000000003]],"bids":[],"checksum":3703115588,"time":1642502813.7265306},"market":"BTC-PERP","type":"update"}
{"channel":"orderbook","data":{"action":"update","asks":[[42073,1.2101],[42082,2.0550000000000002]],"bids":[[42063,2.4567000000000001]],"checksum":1119763843,"time":1642502813.741595},"market":"BTC-PERP","type":"update"}
{"channel":"orderbook","data":{"action":"update","asks":[[42095,15.511200000000001]],"bids":[],"checksum":2221590048,"time":1642502813.7694035},"market":"BTC-PERP","type":"update"}
{"channel":"orderbook","data":{"action":"update","asks":[[42095,15.527799999999999]],"bids":[[42031,0.73180000000000001],[42010,3.1183999999999998]],"checksum":930683505,"time":1642502813.8688383},"market":"BTC-PERP","type":"update"}
{"channel":"orderbook","data":{"action":"update","asks":[],"bids":[[42017,2.6015000000000001]],"checksum":2583097477,"time":1642502813.8915524},"market":"BTC-PERP","type":"update"}
{"channel":"orderbook","data":{"action":"update","asks":[[42089,1.3903000000000001]],"bids":[],"checksum":2550946089,"time":1642502813.9165099},"market":"BTC-PERP","type":"update"}
{"channel":"orderbook","data":{"action":"update","asks":[[42070,5.9432999999999998],[42074,0.002],[42101,9.1138999999999992]],"bids":[[42009,5.6696]],"checksum":4057519234,"time":1642502813.9405525},"market":"BTC-PERP","type":"update"}
{"channel":"orderbook","data":{"action":"update","asks":[[42160,0.0814]],"bids":[[42030,5.3776000000000002]],"checksum":2403623756,"time":1642502813.9673257},"market":"BTC-PERP","type":"update"}
{"channel":"orderbook","data":{"action":"update","asks":[[42125,0.93920000000000003]],"bids":[],"checksum":3171870604,"time":1642502814.0178301},"market":"BTC-PERP","type":"update"}
{"channel":"orderbook","data":{"action":"update","asks":[[42098,5.6142000000000003],[42155,6.2012999999999998]],"bids":[],"checksum":3559159048,"time":1642502814.044198},"market":"BTC-PERP","type":"update"}
{"channel":"orderbook","data":{"action":"update","asks":[[42106,4.5446999999999997]],"bids":[],"checksum":565081220,"time":1642502814.0695758},"market":"BTC-PERP","type":"update"}
{"channel":"orderbook","data":{"action":"update","asks":[[42082,1.8171999999999999]],"bids":[],"checksum":3982103067,"time":1642502814.1186545},"market":"BTC-PERP","type":"update"}
{"channel":"orderbook","data":{"action":"update","asks":[],"bids":[[42066,2.1907999999999999],[42029,5.931]],"checksum":506710333,"time":1642502814.1417689},"market":"BTC-PERP","type":"update"}
{"channel":"orderbook","data":{"action":"update","asks":[],"bids":[[42067,0.23980000000000001]],"checksum":3508146671,"time":1642502814.1913047},"market":"BTC-PERP","type":"update"}
{"channel":"orderbook","data":{"action":"update","asks":[[42165,0],[42171,1.1801999999999999]],"bids":[[42037,4.9771000000000001]],"checksum":3439805902,"time":1642502814.2177856},"market":"BTC-PERP","type":"update"}
{"channel":"orderbook","data":{"action":"update","asks":[[42120,1.9577]],"bids":[],"checksum":2858276026,"time":1642502814.2421987},"market":"BTC-PERP","type":"update"}
{"channel":"orderbook","data":{"action":"update","asks":[[42098,5.7092999999999998],[42123,0.028500000000000001],[42163,0.0011000000000000001]],"bids":[[42065,2.4131]],"checksum":2889548425,"time":1642502814.2694013},"market":"BTC-PERP","type":"update"}
{"channel":"orderbook","data":{"action":"update","asks":[],"bids":[[42069,0.25280000000000002],[42051,0.95309999999999995]],"checksum":2022798603,"time":1642502814.293139},"market":"BTC-PERP","type":"update"}
{"channel":"orderbook","data":{"action":"update","asks":[[42079,12.023]],"bids":[[42048,5.6692999999999998]],"checksum":3892552386,"time":1642502814.3169737},"market":"BTC-PERP","type":"update"}
{"channel":"orderbook","data":{"action":"update","asks":[[42070,4.9532999999999996],[42071,1.6349],[42081,2.8654999999999999],[42159,20.300599999999999]],"bids":[[42050,0.0050000000000000001]],"checksum":59478015,"time":1642502814.3519969},"market":"BTC-PERP","type":"update"}
{"channel":"orderbook","data":{"action":"update","asks":[],"bids":[[42048,5.8596000000000004]],"checksum":937366645,"time":1642502814.3649623},"market":"BTC-PERP","type":"update"}
{"channel":"orderbook","data":{"action":"update","asks":[[42100,3.2690000000000001]],"bids":[],"checksum":439953336,"time":1642502814.4161277},"market":"BTC-PERP","type":"update"}
{"channel":"orderbook","data":{"action":"update","asks":[[42170,0.29999999999999999]],"bids":[[42068,0.27800000000000002]],"checksum":3014201437,"time":1642502814.4413111},"market":"BTC-PERP","type":"update"}
{"channel":"orderbook","data":{"action":"update","asks":[[42161,0.1235]],"bids":[],"checksum":954704680,"time":1642502814.465709},"market":"BTC-PERP","type":"update"}
{"channel":"orderbook","data":{"action":"update","asks":[[42079,11.8329],[42083,1.5971],[42117,2.2991000000000001],[42169,7.9329999999999998]],"bids":[],"checksum":99708103,"time":1642502814.4930472},"market":"BTC-PERP","type":"update"}
{"channel":"orderbook","data":{"action":"update","asks":[[42081,11.574],[42142,9.2865000000000002]],"bids":[[42050,5.8164999999999996],[42045,1.6836]],"checksum":1584499127,"time":1642502814.5170128},"market":"BTC-PERP","type":"update"}
{"channel":"orderbook","data":{"action":"update","asks":[[42079,2.1997]],"bids":[],"checksum":1934585105,"time":1642502814.5402622},"market":"BTC-PERP","type":"update"}
{"channel":"orderbook","data":{"action":"update","asks":[[42080,3.9260000000000002],[42114,13.6175],[42160,0.077899999999999997]],"bids":[],"checksum":418321988,"time":1642502814.5659602},"market":"BTC-PERP","type":"update"}
{"channel":"orderbook","data":{"action":"update","asks":[],"bids":[[42069,0.46750000000000003],[42048,0.71260000000000001],[42044,3.8689]],"checksum":3629900133,"time":1642502814.5912712},"market":"BTC-PERP","type":"update"}
{"channel":"orderbook","data":{"action":"update","asks":[[42158,0.0011000000000000001],[42163,0.0047999999999999996]],"bids":[],"checksum":4047787911,"time":1642502814.6162896},"market":"BTC-PERP","type":"update"}
{"channel":"orderbook","data":{"action":"update","asks":[],"bids":[],"checksum":4047787911,"time":1642502814.6404731},"market":"BTC-PERP","type":"update"}
{"channel":"orderbook","data":{"action":"update","asks":[[42113,0.82669999999999999]],"bids":[],"checksum":4127804922,"time":1642502814.6666806},"market":"BTC-PERP","type":"update"}
{"channel":"orderbook","data":{"action":"update","asks":[[42079,2.1549999999999998]],"bids":[[42068,0.011299999999999999]],"checksum":92391848,"time":1642502814.6916747},"market":"BTC-PERP","type":"update"}
{"channel":"orderbook","data":{"action":"update","asks":[[42078,1.6198999999999999],[42095,10.0427]],"bids":[],"checksum":3307110536,"time":1642502814.7155244},"market":"BTC-PERP","type":"update"}
{"channel":"orderbook","data":{"action":"update","asks":[[42077,2.3287]],"bids":[[42069,0.25280000000000002]],"checksum":1534691806,"time":1642502814.7409256},"market":"BTC-PERP","type":"update"}
{"channel":"orderbook","data":{"action":"update","asks":[[42094,6.9081999999999999],[42113,6.4809000000000001]],"bids":[[42044,3.6591999999999998]],"checksum":2567913149,"time":1642502814.7662601},"market":"BTC-PERP","type":"update"}
{"channel":"orderbook","data":{"action":"update","asks":[[42097,0.0557]],"bids":[],"checksum":1418163680,"time":1642502814.8909655},"market":"BTC-PERP","type":"update"}
{"channel":"orderbook","data":{"action":"update","asks":[[42070,4.9482999999999997],[42085,5.5472000000000001]],"bids":[[42069,0.46750000000000003]],"checksum":2425941180,"time":1642502814.9412827},"market":"BTC-PERP","type":"update"}
{"channel":"orderbook","data":{"action":"update","asks":[],"bids":[[42045,1.8933]],"checksum":3191759327,"time":1642502814.9657247},"market":"BTC-PERP","type":"update"}
{"channel":"orderbook","data":{"action":"update","asks":[[42139,12.2934]],"bids":[],"checksum":1190562673,"time":1642502814.9911363},"market":"BTC-PERP","type":"update"}
{"channel":"orderbook","data":{"action":"update","asks":[[42071,1.6796],[42134,23.511800000000001]],"bids":[[42069,0.2157],[42029,5.7785000000000002]],"checksum":323502986,"time":1642502815.0659347},"market":"BTC-PERP","type":"update"}
{"channel":"orderbook","data":{"action":"update","asks":[[42071,1.6295999999999999]],"bids":[[42069,0.001],[42059,4.3506]],"checksum":3413485458,"time":1642502815.0923104},"market":"BTC-PERP","type":"update"}
{"channel":"orderbook","data":{"action":"update","asks":[[42072,0.84019999999999995]],"bids":[[42051,0.57379999999999998]],"checksum":2715208345,"time":1642502815.1155505},"market":"BTC-PERP","type":"update"}
{"channel":"orderbook","data":{"action":"update","asks":[[42070,5.8682999999999996],[42083,1.2040999999999999]],"bids":[[42047,0.90810000000000002]],"checksum":473997522,"time":1642502815.1424081},"market":"BTC-PERP","type":"update"}
{"channel":"orderbook","data":{"action":"update","asks":[[42094,6.3083]],"bids":[[42065,1.5727],[42054,0.48559999999999998],[42053,1.0012000000000001],[42052,0.79820000000000002],[42006,6.4173]],"checksum":514460993,"time":1642502815.1663063},"market":"BTC-PERP","type":"update"}
{"channel":"orderbook","data":{"action":"update","asks":[[42079,11.117100000000001]],"bids":[[42068,0],[42050,0.0050000000000000001],[42048,6.1074999999999999],[42045,2.2726000000000002],[42033,2.0947],[42031,0.53320000000000001],[41965,0.0060000000000000001]],"checksum":1274403832,"time":1642502815.1926904},"market":"BTC-PERP","type":"update"}
{"channel":"orderbook","data":{"action":"update","asks":[[42079,11.5101],[42081,2.8654999999999999]],"bids":[[42067,0.2515],[42031,0.33310000000000001]],"checksum":2934499574,"time":1642502815.2166722},"market":"BTC-PERP","type":"update"}
{"channel":"orderbook","data":{"action":"update","asks":[[42070,5.9283000000000001],[42078,2.9319000000000002]],"bids":[[42055,0.75649999999999995],[42053,0.95120000000000005]],"checksum":3000738507,"time":1642502815.2456198},"market":"BTC-PERP","type":"update"}
{"channel":"orderbook","data":{"action":"update","asks":[[42078,2.9201999999999999],[42113,0.82669999999999999]],"bids":[[42069,0],[42064,2.4925999999999999],[42057,1.4901],[42047,1.2434000000000001],[41964,22.359999999999999]],"checksum":3760169168,"time":1642502815.2699416},"market":"BTC-PERP","type":"update"}
{"channel":"orderbook","data":{"action":"update","asks":[[42068,1.7250000000000001],[42070,4.9413999999999998],[42077,2.3403999999999998],[42087,0.64159999999999995],[42134,16.1067],[42171,0]],"bids":[[42067,0.0117],[42066,0.1908],[42065,0.90890000000000004],[42064,2.3910999999999998],[42058,4.9044999999999996],[42055,0.64690000000000003],[42050,0.48060000000000003],[42047,0.90810000000000002]],"checksum":1726640213,"time":1642502815.3160696},"market":"BTC-PERP","type":"update"}
{"channel":"orderbook","data":{"action":"update","asks":[[42068,4.0537999999999998],[42069,0.74050000000000005],[42070,4.2713999999999999],[42071,0.54500000000000004],[42081,2.7467000000000001],[42082,1.7783],[42088,6.7607999999999997],[42099,4.5631000000000004],[42106,3.6674000000000002],[42170,0]],"bids":[[42063,1.6847000000000001],[42045,2.0629],[42044,3.6292],[42042,23.407499999999999]],"checksum":4095784958,"time":1642502815.3560421},"market":"BTC-PERP","type":"update"}
{"channel":"orderbook","data":{"action":"update","asks":[[42068,3.9121000000000001],[42070,2.4561999999999999],[42071,0.14000000000000001],[42076,0.48670000000000002],[42078,1.6082000000000001],[42081,2.6753999999999998],[42102,6.7591000000000001],[42104,7.4329999999999998],[42113,6.7477999999999998]],"bids":[[42062,0.46870000000000001],[42055,0.59940000000000004],[42052,0.48670000000000002],[42047,0.76549999999999996],[42027,1.1273],[41997,2.1269]],"checksum":3085226041,"time":1642502815.3784463},"market":"BTC-PERP","type":"update"}
{"channel":"orderbook","data":{"action":"update","asks":[[42068,4.8696999999999999],[42070,1.9869000000000001],[42071,0.044699999999999997],[42072,0],[42077,2.4483999999999999],[42078,1.5607],[42080,3.7359],[42084,3.5404],[42090,4.9722999999999997],[42102,6.5551000000000004],[42129,7.4161999999999999],[42170,0.29999999999999999]],"bids":[[42067,0],[42064,4.3910999999999998],[42063,2.3485],[42058,4.6562000000000001],[42038,0.1464],[42002,3.1614],[41963,0.047300000000000002]],"checksum":3666393037,"time":1642502815.4043829},"market":"BTC-PERP","type":"update"}
{"channel":"orderbook","data":{"action":"update","asks":[[42068,6.1260000000000003],[42073,1.1231],[42076,0.60560000000000003]],"bids":[[42061,2.9906999999999999],[42059,4.4520999999999997],[42054,0.59519999999999995],[42052,0.52669999999999995],[42043,1.8604000000000001]],"checksum":386842815,"time":1642502815.4277365},"market":"BTC-PERP","type":"update"}
{"channel":"orderbook","data":{"action":"update","asks":[[42067,0.71799999999999997],[42068,5.5327999999999999],[42074,0.073300000000000004],[42091,2.9577],[42122,0.32900000000000001],[42170,0]],"bids":[[42065,0.92059999999999997],[42063,2.3384999999999998],[42060,2.0270999999999999],[42057,1.5006999999999999],[42053,1.1889000000000001],[42046,0.81210000000000004],[42033,2.5703999999999998],[41994,0.2195]],"checksum":1768180007,"time":1642502815.4536724},"market":"BTC-PERP","type":"update"}
{"channel":"orderbook","data":{"action":"update","asks":[[42067,3.4639000000000002],[42068,3.1629999999999998],[42070,1.5468],[42074,0.11219999999999999],[42080,3.3359000000000001],[42088,9.0178999999999991],[42101,9.3156999999999996],[42113,0.82669999999999999]],"bids":[[42063,1.6747000000000001],[42060,2.7801],[42054,1.0952]],"checksum":2888557700,"time":1642502815.4847538},"market":"BTC-PERP","type":"update"}
{"channel":"orderbook","data":{"action":"update","asks":[[42067,4.2282999999999999],[42068,2.4449999999999998],[42069,0],[42079,11.700200000000001],[42119,1.6637],[42170,0.29999999999999999]],"bids":[[42066,0.071999999999999995],[42062,1.3090999999999999],[42042,23.169699999999999]],"checksum":4265444294,"time":1642502815.5018492},"market":"BTC-PERP","type":"update"}
{"channel":"orderbook","data":{"action":"update","asks":[[42067,4.6333000000000002],[42070,1.2846],[42071,0.13170000000000001],[42077,2.4367000000000001],[42079,11.5101]],"bids":[[42056,1.5629999999999999],[42054,0.59519999999999995],[42053,1.5479000000000001],[42042,23.3123],[42012,1.1917],[41974,0.53790000000000004]],"checksum":598003325,"time":1642502815.5302093},"market":"BTC-PERP","type":"update"}
{"channel":"orderbook","data":{"action":"update","asks":[[42067,4.7986000000000004],[42075,3.7456],[42076,0.61729999999999996]],"bids":[[42060,3.4439000000000002],[42058,4.7751000000000001],[42057,1.8741000000000001],[42056,1.5422]],"checksum":3699717672,"time":1642502815.5548592},"market":"BTC-PERP","type":"update"}
{"channel":"orderbook","data":{"action":"update","asks":[[42077,2.8367],[42084,2.8429000000000002]],"bids":[[42064,3.4979],[42063,1.1816],[42061,2.3466]],"checksum":619488461,"time":1642502815.5806403},"market":"BTC-PERP","type":"update"}
{"channel":"orderbook","data":{"action":"update","asks":[[42084,7.1638999999999999]],"bids":[[42066,0.072999999999999995],[42050,1.0456000000000001],[42009,9.7414000000000005],[41970,9.1781000000000006]],"checksum":3273700719,"time":1642502815.6031625},"market":"BTC-PERP","type":"update"}
{"channel":"orderbook","data":{"action":"update","asks":[[42077,3.0268000000000002]],"bids":[[42065,0.90890000000000004],[42057,1.5006999999999999]],"checksum":1098876542,"time":1642502815.6271462},"market":"BTC-PERP","type":"update"}
{"channel":"orderbook","data":{"action":"update","asks":[[42078,1.5921000000000001],[42094,5.8083],[42101,9.3050999999999995]],"bids":[[42064,3.5095999999999998],[42060,4.024]],"checksum":755374970,"time":1642502815.6502969},"market":"BTC-PERP","type":"update"}
{"channel":"orderbook","data":{"action":"update","asks":[[42073,1.0044]],"bids":[[42053,1.2363999999999999],[42048,6.1283000000000003],[42030,5.3739999999999997]],"checksum":2621094937,"time":1642502815.6790719},"market":"BTC-PERP","type":"update"}
{"channel":"orderbook","data":{"action":"update","asks":[[42098,5.7199]],"bids":[[42066,0.31280000000000002],[42046,0.4768]],"checksum":1288667410,"time":1642502815.7004902},"market":"BTC-PERP","type":"update"}
{"channel":"orderbook","data":{"action":"update","asks":[[42077,3.0752000000000002]],"bids":[],"checksum":1077833032,"time":1642502815.7265399},"market":"BTC-PERP","type":"update"}
{"channel":"orderbook","data":{"action":"update","asks":[[42077,3.0651999999999999]],"bids":[[42054,1.0952]],"checksum":3787848315,"time":1642502815.7523844},"market":"BTC-PERP","type":"update"}
{"channel":"orderbook","data":{"action":"update","asks":[[42070,1.2896000000000001],[42090,4.9324000000000003]],"bids":[[42030,5.3775000000000004],[42025,0.61680000000000001]],"checksum":4018367204,"time":1642502815.7859228},"market":"BTC-PERP","type":"update"}
{"channel":"orderbook","data":{"action":"update","asks":[[42074,0.23089999999999999],[42087,0.9143]],"bids":[[42052,0.83819999999999995],[42045,2.3982000000000001]],"checksum":860178175,"time":1642502815.8018923},"market":"BTC-PERP","type":"update"}
{"channel":"orderbook","data":{"action":"update","asks":[[42082,1.5732999999999999],[42156,0.039600000000000003]],"bids":[[42063,0.97660000000000002]],"checksum":1111056730,"time":1642502815.8271792},"market":"BTC-PERP","type":"update"}
{"channel":"orderbook","data":{"action":"update","asks":[[42088,6.7607999999999997]],"bids":[[42062,1.1902999999999999],[42061,0.087999999999999995],[42052,0.36259999999999998]],"checksum":3595271523,"time":1642502815.8527062},"market":"BTC-PERP","type":"update"}
{"channel":"orderbook","data":{"action":"update","asks":[],"bids":[[42058,4.9801000000000002],[42048,5.9379999999999997]],"checksum":3710130022,"time":1642502815.8784432},"market":"BTC-PERP","type":"update"}
{"channel":"orderbook","data":{"action":"update","asks":[[42070,1.2670999999999999],[42142,4.2865000000000002],[42155,1.2013]],"bids":[[42066,0.52749999999999997],[41983,0.86309999999999998],[41980,0.93459999999999999]],"checksum":2810035494,"time":1642502815.9033113},"market":"BTC-PERP","type":"update"}
{"channel":"orderbook","data":{"action":"update","asks":[[42070,1.2171000000000001],[42077,3.2702]],"bids":[[42057,1.9930000000000001],[42054,0.98560000000000003]],"checksum":1504987944,"time":1642502815.9281526},"market":"BTC-PERP","type":"update"}
{"channel":"orderbook","data":{"action":"update","asks":[],"bids":[[42047,0.95579999999999998]],"checksum":3315442974,"time":1642502815.9508331},"market":"BTC-PERP","type":"update"}
{"channel":"orderbook","data":{"action":"update","asks":[[42082,1.5327]],"bids":[[42004,1.4924999999999999],[41970,14.178100000000001]],"checksum":2188454231,"time":1642502815.9797866},"market":"BTC-PERP","type":"update"}
{"channel":"orderbook","data":{"action":"update","asks":[[42088,1.9320999999999999]],"bids":[[41967,5.3577000000000004]],"checksum":2930921815,"time":1642502816.0052259},"market":"BTC-PERP","type":"update"}
{"channel":"orderbook","data":{"action":"update","asks":[[42067,4.8211000000000004],[42087,0.64159999999999995]],"bids":[[42053,1.3460000000000001]],"checksum":1057180401,"time":1642502816.0288997},"market":"BTC-PERP","type":"update"}
{"channel":"orderbook","data":{"action":"update","asks":[],"bids":[[42060,3.8620000000000001],[42001,3.7025000000000001],[41963,0]],"checksum":202559728,"time":1642502816.0514421},"market":"BTC-PERP","type":"update"}
{"channel":"orderbook","data":{"action":"update","asks":[[42080,3.3765000000000001]],"bids":[[42059,5.3442999999999996],[42056,2.2492000000000001],[41964,29.7651]],"checksum":1148364344,"time":1642502816.0772309},"market":"BTC-PERP","type":"update"}
{"channel":"orderbook","data":{"action":"update","asks":[[42076,1.2848999999999999],[42086,0.077499999999999999],[42102,11.383800000000001],[42155,6.2012999999999998]],"bids":[[42050,1.2076]],"checksum":2515482769,"time":1642502816.1012332},"market":"BTC-PERP","type":"update"}
{"channel":"orderbook","data":{"action":"update","asks":[[42088,4.1893000000000002],[42142,9.2865000000000002]],"bids":[[42060,6.1205999999999996],[42029,5.6177000000000001],[41973,5.016]],"checksum":639062786,"time":1642502816.1265497},"market":"BTC-PERP","type":"update"}
{"channel":"orderbook","data":{"action":"update","asks":[[42068,2.9205999999999999],[42083,1.2441]],"bids":[[42054,0.48559999999999998],[42031,0.19],[41965,0.50209999999999999]],"checksum":3474350783,"time":1642502816.1506896},"market":"BTC-PERP","type":"update"}
{"channel":"orderbook","data":{"action":"update","asks":[[42163,0.0011000000000000001]],"bids":[[42030,5.3739999999999997],[42013,1.3713],[42009,9.7367000000000008]],"checksum":1816343338,"time":1642502816.180006},"market":"BTC-PERP","type":"update"}
{"channel":"orderbook","data":{"action":"update","asks":[],"bids":[[42066,0.31280000000000002],[42062,0.34989999999999999],[42002,5.5422000000000002]],"checksum":500170026,"time":1642502816.2017822},"market":"BTC-PERP","type":"update"}
{"channel":"orderbook","data":{"action":"update","asks":[],"bids":[[42006,0.93220000000000003]],"checksum":3002892597,"time":1642502816.2281551},"market":"BTC-PERP","type":"update"}
{"channel":"orderbook","data":{"action":"update","asks":[],"bids":[[42043,1.6507000000000001],[42008,0.95740000000000003]],"checksum":3100415300,"time":1642502816.2523344},"market":"BTC-PERP","type":"update"}
{"channel":"orderbook","data":{"action":"update","asks":[[42069,0.73250000000000004],[42075,2.9889000000000001],[42128,0.31759999999999999],[42170,0]],"bids":[[42014,0.096100000000000005]],"checksum":487118583,"time":1642502816.2775371},"market":"BTC-PERP","type":"update"}
{"channel":"orderbook","data":{"action":"update","asks":[[42087,0.9143],[42123,0.018499999999999999],[42158,0.0045999999999999999]],"bids":[[42044,3.839],[42029,5.6212],[42001,9.1875999999999998]],"checksum":4216356762,"time":1642502816.3044643},"market":"BTC-PERP","type":"update"}
{"channel":"orderbook","data":{"action":"update","asks":[[42077,3.0800999999999998]],"bids":[[42011,4.8784000000000001]],"checksum":997231961,"time":1642502816.3282578},"market":"BTC-PERP","type":"update"}
{"channel":"orderbook","data":{"action":"update","asks":[[42121,1.3874]],"bids":[[42066,0.52749999999999997],[42053,1.8460000000000001],[42000,9.9580000000000002]],"checksum":3802824457,"time":1642502816.3858857},"market":"BTC-PERP","type":"update"}
{"channel":"orderbook","data":{"action":"update","asks":[[42083,1.1252]],"bids":[],"checksum":3845354827,"time":1642502816.4339843},"market":"BTC-PERP","type":"update"}
{"channel":"orderbook","data":{"action":"update","asks":[],"bids":[[42033,0.57140000000000002]],"checksum":4111898029,"time":1642502816.4580355},"market":"BTC-PERP","type":"update"}
{"channel":"orderbook","data":{"action":"update","asks":[[42078,1.7110000000000001]],"bids":[[41993,0.71340000000000003]],"checksum":1111390396,"time":1642502816.4849031},"market":"BTC-PERP","type":"update"}
{"channel":"orderbook","data":{"action":"update","asks":[[42087,0.64159999999999995],[42125,0.96399999999999997]],"bids":[[42066,0.31280000000000002]],"checksum":1724901443,"time":1642502816.5342829},"market":"BTC-PERP","type":"update"}
{"channel":"orderbook","data":{"action":"update","asks":[[42076,1.4750000000000001],[42090,4.8323999999999998]],"bids":[[42063,0.85770000000000002]],"checksum":3096525249,"time":1642502816.5585306},"market":"BTC-PERP","type":"update"}
{"channel":"orderbook","data":{"action":"update","asks":[],"bids":[[42025,2.6158000000000001],[42000,2.7204000000000002]],"checksum":1791378041,"time":1642502816.5837419},"market":"BTC-PERP","type":"update"}
{"channel":"orderbook","data":{"action":"update","asks":[],"bids":[[42064,3.4979],[42058,5.0990000000000002]],"checksum":843971617,"time":1642502816.6124423},"market":"BTC-PERP","type":"update"}
{"channel":"orderbook","data":{"action":"update","asks":[],"bids":[[42053,1.3704000000000001]],"checksum":2565925932,"time":1642502816.6329877},"market":"BTC-PERP","type":"update"}
{"channel":"orderbook","data":{"action":"update","asks":[[42081,2.5754000000000001]],"bids":[[42057,1.9823999999999999],[42053,0.89480000000000004],[42018,2.5870000000000002],[41996,27.000499999999999]],"checksum":3906147381,"time":1642502816.6591625},"market":"BTC-PERP","type":"update"}
{"channel":"orderbook","data":{"action":"update","asks":[[42079,11.1744]],"bids":[[42062,0],[42058,0.95169999999999999],[42052,0.0511],[42049,2.7429999999999999],[42045,2.0629],[42036,1.4452],[42030,5.2050999999999998],[41963,0.047300000000000002]],"checksum":1207921489,"time":1642502816.6825225},"market":"BTC-PERP","type":"update"}
{"channel":"orderbook","data":{"action":"update","asks":[[42075,2.8700000000000001],[42084,7.6638999999999999],[42093,5.3483000000000001],[42133,5.3185000000000002]],"bids":[[42063,0.77070000000000005],[42053,0.28520000000000001],[42051,0.073800000000000004],[42046,5.6092000000000004],[42037,4.9671000000000003],[42035,1.2479],[42019,0.95809999999999995]],"checksum":931379046,"time":1642502816.7099926},"market":"BTC-PERP","type":"update"}
{"channel":"orderbook","data":{"action":"update","asks":[[42076,9.0587]],"bids":[[42066,0.52749999999999997],[42056,2.8831000000000002],[42048,0.54310000000000003],[42020,1.1818]],"checksum":4039902595,"time":1642502816.7347322},"market":"BTC-PERP","type":"update"}
{"channel":"orderbook","data":{"action":"update","asks":[[42073,0.216],[42075,2.8816999999999999],[42077,3.1800999999999999],[42079,2.2122999999999999],[42101,6.0269000000000004]],"bids":[[42056,2.8938000000000001],[42048,0.85460000000000003],[42045,1.6836],[42043,1.986]],"checksum":1854049838,"time":1642502816.7598178},"market":"BTC-PERP","type":"update"}
{"channel":"orderbook","data":{"action":"update","asks":[[42068,3.0394999999999999],[42080,3.4765000000000001],[42092,2.6147]],"bids":[[42066,0.55920000000000003],[42062,0.0117],[42044,3.6292],[42040,2.0994999999999999],[41963,0]],"checksum":2148114864,"time":1642502816.7844419},"market":"BTC-PERP","type":"update"}
{"channel":"orderbook","data":{"action":"update","asks":[],"bids":[[42050,1.3171999999999999],[42049,6.8883999999999999],[42021,7.3631000000000002]],"checksum":3258741177,"time":1642502816.8326352},"market":"BTC-PERP","type":"update"}
{"channel":"orderbook","data":{"action":"update","asks":[[42087,0.9143]],"bids":[[42043,2.1958000000000002]],"checksum":3582520335,"time":1642502816.8580911},"market":"BTC-PERP","type":"update"}
{"channel":"orderbook","data":{"action":"update","asks":[],"bids":[[42029,5.6177000000000001],[42012,1.3164],[41966,1.3006]],"checksum":3495986026,"time":1642502816.8838007},"market":"BTC-PERP","type":"update"}
{"channel":"orderbook","data":{"action":"update","asks":[[42076,8.8686000000000007],[42124,0.28210000000000002]],"bids":[[42066,0.34449999999999997],[42052,0.55110000000000003]],"checksum":3435155687,"time":1642502816.9078677},"market":"BTC-PERP","type":"update"}
{"channel":"orderbook","data":{"action":"update","asks":[[42075,3.2174],[42093,1.2765]],"bids":[[42028,1.0575000000000001]],"checksum":3192705167,"time":1642502816.9334183},"market":"BTC-PERP","type":"update"}
{"channel":"orderbook","data":{"action":"update","asks":[[42084,6.6406999999999998]],"bids":[],"checksum":1394453356,"time":1642502816.9586124},"market":"BTC-PERP","type":"update"}
{"channel":"orderbook","data":{"action":"update","asks":[[42074,0.42099999999999999],[42088,8.2611000000000008]],"bids":[],"checksum":1847293468,"time":1642502816.9835391},"market":"BTC-PERP","type":"update"}
{"channel":"orderbook","data":{"action":"update","asks":[[42074,0.23089999999999999]],"bids":[],"checksum":2656875148,"time":1642502817.0344715},"market":"BTC-PERP","type":"update"}
{"channel":"orderbook","data":{"action":"update","asks":[],"bids":[[42066,0.55920000000000003],[42060,6.0206]],"checksum":4143126400,"time":1642502817.0842345},"market":"BTC-PERP","type":"update"}
{"channel":"orderbook","data":{"action":"update","asks":[[42069,0],[42075,3.0771000000000002],[42076,9.0587],[42085,1.1488],[42170,0.29999999999999999]],"bids":[[42035,1.1478999999999999]],"checksum":2867849622,"time":1642502817.1132102},"market":"BTC-PERP","type":"update"}
{"channel":"orderbook","data":{"action":"update","asks":[[42069,0.14999999999999999],[42170,0]],"bids":[[42008,0.95269999999999999]],"checksum":1414014221,"time":1642502817.1334376},"market":"BTC-PERP","type":"update"}
{"channel":"orderbook","data":{"action":"update","asks":[[42067,4.8711000000000002]],"bids":[[42047,0.76549999999999996]],"checksum":1042716416,"time":1642502817.1595166},"market":"BTC-PERP","type":"update"}
{"channel":"orderbook","data":{"action":"update","asks":[[42094,9.5107999999999997]],"bids":[[42066,0.82589999999999997],[42065,1.0102],[42064,3.7347999999999999]],"checksum":2604372112,"time":1642502817.1857026},"market":"BTC-PERP","type":"update"}
{"channel":"orderbook","data":{"action":"update","asks":[[42079,1.8192999999999999]],"bids":[[42066,0.58609999999999995],[42065,0.77039999999999997],[42064,1.7347999999999999],[42063,0.85770000000000002],[42007,1.0708]],"checksum":3485203930,"time":1642502817.2104037},"market":"BTC-PERP","type":"update"}
{"channel":"orderbook","data":{"action":"update","asks":[[42070,1.2121],[42077,2.7801],[42088,7.8212999999999999]],"bids":[[42060,5.2485999999999997],[42056,3.2437],[42051,0.12379999999999999],[42048,0.76329999999999998],[42046,5.7995000000000001]],"checksum":58126796,"time":1642502817.2340572},"market":"BTC-PERP","type":"update"}
{"channel":"orderbook","data":{"action":"update","asks":[[42075,4.3891],[42107,0.14699999999999999],[42114,13.5913],[42124,0.1908]],"bids":[[42066,0.31940000000000002],[42065,0],[42058,1.1171],[42052,0.5111],[42043,2.1863999999999999],[42038,0.1202],[42031,0.28129999999999999],[41963,0.047300000000000002]],"checksum":3529622379,"time":1642502817.2593551},"market":"BTC-PERP","type":"update"}
{"channel":"orderbook","data":{"action":"update","asks":[[42075,4.7820999999999998],[42081,3.0152000000000001],[42095,10.068899999999999],[42117,2.1086]],"bids":[[42066,0.1047],[42064,1.4979],[42035,1.2479],[42028,1.2737000000000001]],"checksum":2703624909,"time":1642502817.285408},"market":"BTC-PERP","type":"update"}
{"channel":"orderbook","data":{"action":"update","asks":[[42076,8.8686000000000007]],"bids":[[42055,1.3714],[42050,1.2076],[41987,0.56459999999999999]],"checksum":1159451905,"time":1642502817.3096139},"market":"BTC-PERP","type":"update"}
{"channel":"orderbook","data":{"action":"update","asks":[[42068,2.2395],[42074,0.63090000000000002],[42075,4.4463999999999997],[42084,6.4743000000000004],[42122,0.51949999999999996]],"bids":[[42066,0.072999999999999995],[42061,0.7571],[42048,0.49180000000000001],[42043,1.8511]],"checksum":1286610303,"time":1642502817.365252},"market":"BTC-PERP","type":"update"}
{"channel":"orderbook","data":{"action":"update","asks":[[42074,0.64710000000000001],[42077,2.9702000000000002]],"bids":[[42063,0.77070000000000005]],"checksum":3170113868,"time":1642502817.3823028},"market":"BTC-PERP","type":"update"}
{"channel":"orderbook","data":{"action":"update","asks":[[42077,3.1366999999999998],[42094,4.0256999999999996]],"bids":[],"checksum":1653525128,"time":1642502817.4076681},"market":"BTC-PERP","type":"update"}
{"channel":"orderbook","data":{"action":"update","asks":[[42071,1.1817],[42072,0.029999999999999999],[42169,0]],"bids":[[42048,0.60140000000000005],[42009,5.4473000000000003]],"checksum":3769420648,"time":1642502817.4315059},"market":"BTC-PERP","type":"update"}
{"channel":"orderbook","data":{"action":"update","asks":[[42077,3.1467000000000001]],"bids":[[42066,0.28770000000000001],[42047,1.077],[42026,2.0990000000000002]],"checksum":1535828560,"time":1642502817.4563603},"market":"BTC-PERP","type":"update"}
{"channel":"orderbook","data":{"action":"update","asks":[[42077,2.9565999999999999]],"bids":[[42059,4.3205],[42042,23.647600000000001],[41988,4.3365999999999998]],"checksum":1467749280,"time":1642502817.4855528},"market":"BTC-PERP","type":"update"}
{"channel":"orderbook","data":{"action":"update","asks":[[42069,1.23],[42075,5.4321000000000002],[42091,8.4428000000000001]],"bids":[],"checksum":4148337070,"time":1642502817.5067592},"market":"BTC-PERP","type":"update"}
{"channel":"orderbook","data":{"action":"update","asks":[[42082,1.5304]],"bids":[[42066,0.34239999999999998],[42061,1.5974999999999999]],"checksum":1733808928,"time":1642502817.5317779},"market":"BTC-PERP","type":"update"}
{"channel":"orderbook","data":{"action":"update","asks":[[42076,9.0587],[42078,1.6796]],"bids":[[42066,0.3594]],"checksum":22666490,"time":1642502817.5566592},"market":"BTC-PERP","type":"update"}
{"channel":"orderbook","data":{"action":"update","asks":[[42067,4.8731],[42114,4.0103]],"bids":[],"checksum":2828141095,"time":1642502817.5821762},"market":"BTC-PERP","type":"update"}
{"channel":"orderbook","data":{"action":"update","asks":[[42075,5.7678000000000003]],"bids":[],"checksum":2644367620,"time":1642502817.6059356},"market":"BTC-PERP","type":"update"}
{"channel":"orderbook","data":{"action":"update","asks":[[42159,3.0720000000000001]],"bids":[],"checksum":174075068,"time":1642502817.6314964},"market":"BTC-PERP","type":"update"}
{"channel":"orderbook","data":{"action":"update","asks":[[42076,9.7363],[42113,10.4077]],"bids":[[42066,0.1447]],"checksum":3019077102,"time":1642502817.6577086},"market":"BTC-PERP","type":"update"}
{"channel":"orderbook","data":{"action":"update","asks":[],"bids":[],"checksum":3019077102,"time":1642502817.6818445},"market":"BTC-PERP","type":"update"}
{"channel":"orderbook","data":{"action":"update","asks":[[42158,17.2332]],"bids":[[42020,1.2387999999999999]],"checksum":3691988418,"time":1642502817.7069325},"market":"BTC-PERP","type":"update"}
{"channel":"orderbook","data":{"action":"update","asks":[[42076,9.5462000000000007]],"bids":[[41989,1.0409999999999999]],"checksum":2878031334,"time":1642502817.7810488},"market":"BTC-PERP","type":"update"}
{"channel":"orderbook","data":{"action":"update","asks":[],"bids":[[42066,0.3594]],"checksum":82665614,"time":1642502817.83075},"market":"BTC-PERP","type":"update"}
{"channel":"orderbook","data":{"action":"update","asks":[],"bids":[[42051,0.073800000000000004]],"checksum":4024604973,"time":1642502817.8566194},"market":"BTC-PERP","type":"update"}
{"channel":"orderbook","data":{"action":"update","asks":[],"bids":[[42046,5.6092000000000004],[41989,9.3023000000000007]],"checksum":130163847,"time":1642502817.8814909},"market":"BTC-PERP","type":"update"}
{"channel":"orderbook","data":{"action":"update","asks":[],"bids":[[42060,2.9900000000000002],[42045,1.8738999999999999]],"checksum":2244129352,"time":1642502817.9592249},"market":"BTC-PERP","type":"update"}
{"channel":"orderbook","data":{"action":"update","asks":[[42075,5.4321000000000002]],"bids":[[42066,0.1447],[41989,1.0409999999999999]],"checksum":152098108,"time":1642502817.9801459},"market":"BTC-PERP","type":"update"}
{"channel":"orderbook","data":{"action":"update","asks":[[42071,2.1053000000000002],[42076,9.7363]],"bids":[[42060,5.2485999999999997],[42055,2.4203999999999999],[42021,1.6984999999999999]],"checksum":582975214,"time":1642502818.0326052},"market":"BTC-PERP","type":"update"}
{"channel":"orderbook","data":{"action":"update","asks":[[42075,5.7678000000000003],[42089,1.1902999999999999],[42099,4.1631]],"bids":[[42002,5.3422000000000001],[41989,9.6652000000000005]],"checksum":3445838608,"time":1642502818.0848556},"market":"BTC-PERP","type":"update"}
{"channel":"orderbook","data":{"action":"update","asks":[],"bids":[[42060,2.9900000000000002]],"checksum":3811098255,"time":1642502818.1079969},"market":"BTC-PERP","type":"update"}
{"channel":"orderbook","data":{"action":"update","asks":[],"bids":[[42026,7.9768999999999997]],"checksum":2386348967,"time":1642502818.1326067},"market":"BTC-PERP","type":"update"}
{"channel":"orderbook","data":{"action":"update","asks":[[42077,2.9466000000000001]],"bids":[[42059,6.5791000000000004]],"checksum":2202850472,"time":1642502818.1824994},"market":"BTC-PERP","type":"update"}
{"channel":"orderbook","data":{"action":"update","asks":[[42078,1.7098]],"bids":[],"checksum":3634023769,"time":1642502818.2071865},"market":"BTC-PERP","type":"update"}
{"channel":"orderbook","data":{"action":"update","asks":[],"bids":[[42026,2.0990000000000002],[42016,0.1862],[41963,0]],"checksum":3255988384,"time":1642502818.2822876},"market":"BTC-PERP","type":"update"}
{"channel":"orderbook","data":{"action":"update","asks":[[42084,6.6742999999999997]],"bids":[[42061,0.7571]],"checksum":2954288903,"time":1642502818.3084106},"market":"BTC-PERP","type":"update"}
{"channel":"orderbook","data":{"action":"update","asks":[],"bids":[[41997,2.3269000000000002]],"checksum":3463913232,"time":1642502818.3558791},"market":"BTC-PERP","type":"update"}
{"channel":"orderbook","data":{"action":"update","asks":[],"bids":[[41985,1.3147]],"checksum":2567351558,"time":1642502818.3715305},"market":"BTC-PERP","type":"update"}
{"channel":"orderbook","data":{"action":"update","asks":[],"bids":[[42055,6.5857999999999999]],"checksum":2424981729,"time":1642502818.4005463},"market":"BTC-PERP","type":"update"}
{"channel":"orderbook","data":{"action":"update","asks":[[42076,9.5462000000000007]],"bids":[],"checksum":1625664870,"time":1642502818.4210217},"market":"BTC-PERP","type":"update"}
{"channel":"orderbook","data":{"action":"update","asks":[],"bids":[[41994,0.029000000000000001]],"checksum":2666413785,"time":1642502818.4477081},"market":"BTC-PERP","type":"update"}
{"channel":"orderbook","data":{"action":"update","asks":[[42081,3.0175000000000001]],"bids":[],"checksum":1457916306,"time":1642502818.4714894},"market":"BTC-PERP","type":"update"}
{"channel":"orderbook","data":{"action":"update","asks":[[42077,3.1366999999999998],[42094,4.4257]],"bids":[[42066,0.3594]],"checksum":3294511502,"time":1642502818.5017457},"market":"BTC-PERP","type":"update"}
{"channel":"orderbook","data":{"action":"update","asks":[],"bids":[[42066,0.30470000000000003]],"checksum":899024683,"time":1642502818.572474},"market":"BTC-PERP","type":"update"}
{"channel":"orderbook","data":{"action":"update","asks":[[42129,0.0111],[42163,7.2441000000000004]],"bids":[[42066,0.089999999999999997],[41992,0.27950000000000003]],"checksum":3733370543,"time":1642502818.6226833},"market":"BTC-PERP","type":"update"}
{"channel":"orderbook","data":{"action":"update","asks":[[42127,9.8529999999999998],[42139,1.3230999999999999]],"bids":[[42066,0.17150000000000001]],"checksum":2026724094,"time":1642502818.6973808},"market":"BTC-PERP","type":"update"}
{"channel":"orderbook","data":{"action":"update","asks":[],"bids":[[42007,1.1113999999999999]],"checksum":1037476403,"time":1642502818.7464631},"market":"BTC-PERP","type":"update"}
{"channel":"orderbook","data":{"action":"update","asks":[[42088,5.5640999999999998],[42136,12.1515]],"bids":[],"checksum":1723573015,"time":1642502818.7714901},"market":"BTC-PERP","type":"update"}
{"channel":"orderbook","data":{"action":"update","asks":[],"bids":[[42066,0.38619999999999999]],"checksum":742541586,"time":1642502818.7976923},"market":"BTC-PERP","type":"update"}
{"channel":"orderbook","data":{"action":"update","asks":[[42086,2.3347000000000002],[42138,0.01]],"bids":[[42007,1.0708]],"checksum":44127895,"time":1642502818.8482225},"market":"BTC-PERP","type":"update"}
{"channel":"orderbook","data":{"action":"update","asks":[[42102,6.5551000000000004]],"bids":[[42045,1.6836]],"checksum":4043228878,"time":1642502818.8738632},"market":"BTC-PERP","type":"update"}
{"channel":"orderbook","data":{"action":"update","asks":[[42137,7.2483000000000004]],"bids":[],"checksum":798555477,"time":1642502818.9243612},"market":"BTC-PERP","type":"update"}
{"channel":"orderbook","data":{"action":"update","asks":[[42067,4.8711000000000002],[42100,8.0976999999999997]],"bids":[[42046,5.7995000000000001]],"checksum":2428188070,"time":1642502818.9493172},"market":"BTC-PERP","type":"update"}
{"channel":"orderbook","data":{"action":"update","asks":[],"bids":[[42066,0.17150000000000001]],"checksum":114294166,"time":1642502818.976624},"market":"BTC-PERP","type":"update"}
{"channel":"orderbook","data":{"action":"update","asks":[],"bids":[[42011,0.049700000000000001]],"checksum":3769840650,"time":1642502818.9974716},"market":"BTC-PERP","type":"update"}
{"channel":"orderbook","data":{"action":"update","asks":[],"bids":[[42007,1.1113999999999999]],"checksum":605522983,"time":1642502819.024405},"market":"BTC-PERP","type":"update"}
{"channel":"orderbook","data":{"action":"update","asks":[[42071,1.0552999999999999]],"bids":[[42009,10.276],[42001,3.7025000000000001]],"checksum":2075327156,"time":1642502819.0485525},"market":"BTC-PERP","type":"update"}
{"channel":"orderbook","data":{"action":"update","asks":[[42067,6.0610999999999997]],"bids":[[42066,0.1545],[42024,0.91449999999999998],[42001,0],[41963,0.047300000000000002]],"checksum":3122235907,"time":1642502819.0757957},"market":"BTC-PERP","type":"update"}
{"channel":"orderbook","data":{"action":"update","asks":[],"bids":[[42066,0.36919999999999997],[42035,1.1478999999999999],[42025,2.1375999999999999],[42002,10.827299999999999]],"checksum":27682801,"time":1642502819.1249135},"market":"BTC-PERP","type":"update"}
{"channel":"orderbook","data":{"action":"update","asks":[],"bids":[[41999,3.7084999999999999]],"checksum":426097755,"time":1642502819.1486185},"market":"BTC-PERP","type":"update"}
{"channel":"orderbook","data":{"action":"update","asks":[[42091,7.8429000000000002]],"bids":[[42056,2.7681],[42048,0.65139999999999998],[42035,0.57689999999999997],[42002,10.227399999999999]],"checksum":3368750894,"time":1642502819.1766589},"market":"BTC-PERP","type":"update"}
{"channel":"orderbook","data":{"action":"update","asks":[[42098,5.423]],"bids":[],"checksum":1530014662,"time":1642502819.2058468},"market":"BTC-PERP","type":"update"}
{"channel":"orderbook","data":{"action":"update","asks":[],"bids":[[42007,1.0708]],"checksum":3198324275,"time":1642502819.248502},"market":"BTC-PERP","type":"update"}
{"channel":"orderbook","data":{"action":"update","asks":[[42095,10.3658]],"bids":[[42066,0.28770000000000001]],"checksum":4054481058,"time":1642502819.2742937},"market":"BTC-PERP","type":"update"}
{"channel":"orderbook","data":{"action":"update","asks":[[42094,0.72319999999999995]],"bids":[[42066,0.072999999999999995]],"checksum":207203742,"time":1642502819.2977698},"market":"BTC-PERP","type":"update"}
{"channel":"orderbook","data":{"action":"update","asks":[[42122,0.32900000000000001]],"bids":[[42035,0.67689999999999995]],"checksum":3085068463,"time":1642502819.324888},"market":"BTC-PERP","type":"update"}
{"channel":"orderbook","data":{"action":"update","asks":[[42092,6.3171999999999997]],"bids":[],"checksum":3481671360,"time":1642502819.3538215},"market":"BTC-PERP","type":"update"}
{"channel":"orderbook","data":{"action":"update","asks":[[42069,1.0800000000000001]],"bids":[],"checksum":3454708865,"time":1642502819.3768053},"market":"BTC-PERP","type":"update"}
{"channel":"orderbook","data":{"action":"update","asks":[[42089,1.7902]],"bids":[[42035,0.57689999999999997]],"checksum":519775675,"time":1642502819.4002693},"market":"BTC-PERP","type":"update"}
{"channel":"orderbook","data":{"action":"update","asks":[[42124,0.38129999999999997]],"bids":[[42066,0.2054],[42007,1.1113999999999999],[42000,3.3203]],"checksum":1113828156,"time":1642502819.4263649},"market":"BTC-PERP","type":"update"}
{"channel":"orderbook","data":{"action":"update","asks":[],"bids":[[42066,0.42009999999999997]],"checksum":1497239200,"time":1642502819.4761815},"market":"BTC-PERP","type":"update"}
{"channel":"orderbook","data":{"action":"update","asks":[],"bids":[[42048,0.54179999999999995]],"checksum":2707654460,"time":1642502819.5264151},"market":"BTC-PERP","type":"update"}
{"channel":"orderbook","data":{"action":"update","asks":[],"bids":[[42007,1.0708]],"checksum":1156784841,"time":1642502819.5499847},"market":"BTC-PERP","type":"update"}
{"channel":"orderbook","data":{"action":"update","asks":[],"bids":[[42025,2.2376]],"checksum":95839467,"time":1642502819.5767891},"market":"BTC-PERP","type":"update"}
{"channel":"orderbook","data":{"action":"update","asks":[[42067,6.0660999999999996]],"bids":[],"checksum":1058957026,"time":1642502819.6014593},"market":"BTC-PERP","type":"update"}
{"channel":"orderbook","data":{"action":"update","asks":[],"bids":[[42066,0.2054],[42053,0.39479999999999998],[42025,2.1375999999999999],[42008,0.98360000000000003]],"checksum":2111119531,"time":1642502819.6262982},"market":"BTC-PERP","type":"update"}
{"channel":"orderbook","data":{"action":"update","asks":[[42087,0.64159999999999995]],"bids":[],"checksum":2260512663,"time":1642502819.6517563},"market":"BTC-PERP","type":"update"}
{"channel":"orderbook","data":{"action":"update","asks":[],"bids":[[41970,6.0345000000000004]],"checksum":3380657378,"time":1642502819.6761611},"market":"BTC-PERP","type":"update"}
{"channel":"orderbook","data":{"action":"update","asks":[],"bids":[],"checksum":3380657378,"time":1642502819.7008057},"market":"BTC-PERP","type":"update"}
{"channel":"orderbook","data":{"action":"update","asks":[],"bids":[[42009,10.535600000000001],[42008,0.95269999999999999],[41969,8.1605000000000008]],"checksum":1122463193,"time":1642502819.7252879},"market":"BTC-PERP","type":"update"}
{"channel":"orderbook","data":{"action":"update","asks":[[42067,5.4016999999999999]],"bids":[[42014,0.78159999999999996]],"checksum":2020393832,"time":1642502819.7757595},"market":"BTC-PERP","type":"update"}
{"channel":"orderbook","data":{"action":"update","asks":[],"bids":[[42066,0.42009999999999997],[42050,1.3576999999999999],[42026,2.3151999999999999]],"checksum":2305761743,"time":1642502819.8011723},"market":"BTC-PERP","type":"update"}
{"channel":"orderbook","data":{"action":"update","asks":[[42068,2.8142999999999998]],"bids":[[42007,1.1113999999999999]],"checksum":2617357317,"time":1642502819.850661},"market":"BTC-PERP","type":"update"}
{"channel":"orderbook","data":{"action":"update","asks":[[42087,0.9143]],"bids":[[42066,0.43140000000000001]],"checksum":3003181638,"time":1642502819.8759029},"market":"BTC-PERP","type":"update"}
{"channel":"orderbook","data":{"action":"update","asks":[[42067,5.4116999999999997],[42078,2.1423000000000001],[42086,0.077499999999999999]],"bids":[[42062,0],[42046,5.6092000000000004],[42003,3.4182000000000001],[41962,0.028199999999999999]],"checksum":203603649,"time":1642502819.9036391},"market":"BTC-PERP","type":"update"}
{"channel":"orderbook","data":{"action":"update","asks":[[42087,3.1715]],"bids":[[42066,0.2167],[41971,0.058500000000000003]],"checksum":3395219017,"time":1642502819.9543996},"market":"BTC-PERP","type":"update"}
{"channel":"orderbook","data":{"action":"update","asks":[],"bids":[[41993,5.7043999999999997]],"checksum":766540195,"time":1642502819.976151},"market":"BTC-PERP","type":"update"}
{"channel":"orderbook","data":{"action":"update","asks":[[42075,4.4558],[42077,3.0367000000000002]],"bids":[],"checksum":1567384585,"time":1642502820.0285621},"market":"BTC-PERP","type":"update"}
{"channel":"orderbook","data":{"action":"update","asks":[],"bids":[[42066,0.2054],[42057,1.609],[42045,1.8738999999999999]],"checksum":1316153246,"time":1642502820.0507114},"market":"BTC-PERP","type":"update"}
{"channel":"orderbook","data":{"action":"update","asks":[[42067,5.0067000000000004],[42073,0],[42074,0.64510000000000001],[42075,4.1083999999999996],[42081,3.0165000000000002],[42090,4.8314000000000004],[42169,0.68999999999999995]],"bids":[[42053,0.28520000000000001]],"checksum":4147344817,"time":1642502820.0778317},"market":"BTC-PERP","type":"update"}
{"channel":"orderbook","data":{"action":"update","asks":[[42073,0.10000000000000001],[42074,0.65680000000000005],[42091,2.3578000000000001],[42169,0]],"bids":[[42063,0.78200000000000003],[42042,24.147600000000001]],"checksum":2388146,"time":1642502820.1046259},"market":"BTC-PERP","type":"update"}
{"channel":"orderbook","data":{"action":"update","asks":[[42068,2.2395]],"bids":[[42066,0.42009999999999997]],"checksum":956494674,"time":1642502820.1277316},"market":"BTC-PERP","type":"update"}
{"channel":"orderbook","data":{"action":"update","asks":[[42089,1.7281]],"bids":[[42066,0.82509999999999994]],"checksum":742153342,"time":1642502820.1511772},"market":"BTC-PERP","type":"update"}
{"channel":"orderbook","data":{"action":"update","asks":[[42067,4.2217000000000002],[42092,11.802300000000001]],"bids":[],"checksum":3822390180,"time":1642502820.1787834},"market":"BTC-PERP","type":"update"}
{"channel":"orderbook","data":{"action":"update","asks":[[42075,5.4203999999999999],[42076,9.8818999999999999]],"bids":[[42059,4.3205],[42051,0.18340000000000001],[42007,1.0708]],"checksum":1141069941,"time":1642502820.2027369},"market":"BTC-PERP","type":"update"}
{"channel":"orderbook","data":{"action":"update","asks":[],"bids":[[41964,22.359999999999999]],"checksum":1118389421,"time":1642502820.2509241},"market":"BTC-PERP","type":"update"}
{"channel":"orderbook","data":{"action":"update","asks":[[42067,5.3117000000000001],[42081,3.0785999999999998]],"bids":[[42058,3.3757999999999999]],"checksum":1547690383,"time":1642502820.2769246},"market":"BTC-PERP","type":"update"}
{"channel":"orderbook","data":{"action":"update","asks":[[42067,4.2217000000000002],[42088,1.4923]],"bids":[[42056,3.1421000000000001],[42035,0.67689999999999995],[41965,0.0060000000000000001]],"checksum":1382816713,"time":1642502820.3083069},"market":"BTC-PERP","type":"update"}
{"channel":"orderbook","data":{"action":"update","asks":[[42078,2.0234000000000001]],"bids":[[42066,0.2054],[42058,3.2568999999999999],[41963,7.4523999999999999]],"checksum":3647312657,"time":1642502820.3466671},"market":"BTC-PERP","type":"update"}
{"channel":"orderbook","data":{"action":"update","asks":[[42075,4.1083999999999996],[42091,6.4295999999999998]],"bids":[[42066,0.21709999999999999]],"checksum":1239416000,"time":1642502820.3843772},"market":"BTC-PERP","type":"update"}
{"channel":"orderbook","data":{"action":"update","asks":[[42071,1.2053],[42074,0.77569999999999995]],"bids":[[42063,0.77070000000000005],[42054,0.60450000000000004]],"checksum":3232335112,"time":1642502820.4103634},"market":"BTC-PERP","type":"update"}
{"channel":"orderbook","data":{"action":"update","asks":[[42067,4.0416999999999996],[42068,1.6351],[42071,0.28170000000000001],[42081,3.0775999999999999]],"bids":[[42066,1.0385]],"checksum":2453569570,"time":1642502820.4357986},"market":"BTC-PERP","type":"update"}
{"channel":"orderbook","data":{"action":"update","asks":[[42067,3.9146999999999998],[42069,0],[42169,0.68999999999999995]],"bids":[[42066,1.3185],[42060,2.9929999999999999]],"checksum":319370752,"time":1642502820.4622521},"market":"BTC-PERP","type":"update"}
{"channel":"orderbook","data":{"action":"update","asks":[],"bids":[[42066,1.1931]],"checksum":799404038,"time":1642502820.4839466},"market":"BTC-PERP","type":"update"}
{"channel":"orderbook","data":{"action":"update","asks":[],"bids":[[42058,0.99819999999999998]],"checksum":1455504246,"time":1642502820.5102396},"market":"BTC-PERP","type":"update"}
{"channel":"orderbook","data":{"action":"update","asks":[],"bids":[[42066,1.9551000000000001]],"checksum":3860134339,"time":1642502820.5352829},"market":"BTC-PERP","type":"update"}
{"channel":"orderbook","data":{"action":"update","asks":[[42074,0.65700000000000003],[42076,9.5462000000000007]],"bids":[[42061,0.85880000000000001],[42060,5.2515999999999998]],"checksum":1978084353,"time":1642502820.56021},"market":"BTC-PERP","type":"update"}
{"channel":"orderbook","data":{"action":"update","asks":[[42071,1.2917000000000001],[42072,0.13170000000000001]],"bids":[[42066,2.0806],[42061,0.7571],[42059,5.1965000000000003]],"checksum":1126885415,"time":1642502820.5861022},"market":"BTC-PERP","type":"update"}
{"channel":"orderbook","data":{"action":"update","asks":[[42072,0.90600000000000003]],"bids":[],"checksum":178662768,"time":1642502820.6092618},"market":"BTC-PERP","type":"update"}
{"channel":"orderbook","data":{"action":"update","asks":[[42075,4.2271000000000001],[42077,2.8466],[42079,2.1549999999999998],[42083,0.78800000000000003]],"bids":[[42066,1.6756],[42060,5.7416],[42048,7.9560000000000004]],"checksum":1763959089,"time":1642502820.6384041},"market":"BTC-PERP","type":"update"}
{"channel":"orderbook","data":{"action":"update","asks":[[42079,9.1701999999999995]],"bids":[],"checksum":3347698572,"time":1642502820.6593206},"market":"BTC-PERP","type":"update"}
{"channel":"orderbook","data":{"action":"update","asks":[[42076,1.9508000000000001],[42113,0.82669999999999999]],"bids":[[42066,1.4609000000000001],[42046,0.4768]],"checksum":1629952358,"time":1642502820.6880767},"market":"BTC-PERP","type":"update"}
{"channel":"orderbook","data":{"action":"update","asks":[[42071,0.28170000000000001]],"bids":[],"checksum":1061785970,"time":1642502820.7088542},"market":"BTC-PERP","type":"update"}
{"channel":"orderbook","data":{"action":"update","asks":[[42103,18.145199999999999]],"bids":[],"checksum":1539994847,"time":1642502820.7595096},"market":"BTC-PERP","type":"update"}
{"channel":"orderbook","data":{"action":"update","asks":[[42087,2.8988]],"bids":[],"checksum":2687599579,"time":1642502820.8373311},"market":"BTC-PERP","type":"update"}
{"channel":"orderbook","data":{"action":"update","asks":[],"bids":[[42060,5.7385999999999999],[42039,0.20549999999999999]],"checksum":2341657878,"time":1642502820.8591573},"market":"BTC-PERP","type":"update"}
{"channel":"orderbook","data":{"action":"update","asks":[[42073,0.10100000000000001]],"bids":[[42060,5.2485999999999997]],"checksum":2923502815,"time":1642502820.8852544},"market":"BTC-PERP","type":"update"}
{"channel":"orderbook","data":{"action":"update","asks":[[42067,3.9097],[42075,4.1083999999999996]],"bids":[[42043,1.6413]],"checksum":204564711,"time":1642502820.9349155},"market":"BTC-PERP","type":"update"}
{"channel":"orderbook","data":{"action":"update","asks":[[42071,1.2817000000000001],[42084,7.0114999999999998]],"bids":[[42066,1.6756]],"checksum":358939144,"time":1642502820.9604266},"market":"BTC-PERP","type":"update"}
{"channel":"orderbook","data":{"action":"update","asks":[[42069,1.05],[42073,0.10000000000000001],[42076,2.0695000000000001],[42089,2.0007999999999999],[42169,0]],"bids":[[42009,6.4638]],"checksum":3489192584,"time":1642502821.0113568},"market":"BTC-PERP","type":"update"}
{"channel":"orderbook","data":{"action":"update","asks":[[42069,0],[42072,0.029999999999999999],[42077,3.0367000000000002],[42084,6.6742999999999997],[42169,0.68999999999999995]],"bids":[[42060,5.2515999999999998],[42044,3.839]],"checksum":1675609044,"time":1642502821.0351706},"market":"BTC-PERP","type":"update"}
{"channel":"orderbook","data":{"action":"update","asks":[[42077,2.8466],[42079,8.3298000000000005]],"bids":[[42066,1.6686000000000001],[42059,4.3205],[42010,7.1901999999999999]],"checksum":4073169497,"time":1642502821.0603285},"market":"BTC-PERP","type":"update"}
{"channel":"orderbook","data":{"action":"update","asks":[[42067,4.9097]],"bids":[[42047,0.76549999999999996]],"checksum":184541805,"time":1642502821.0844829},"market":"BTC-PERP","type":"update"}
{"channel":"orderbook","data":{"action":"update","asks":[[42084,7.0114999999999998]],"bids":[[42066,1.4539]],"checksum":67190695,"time":1642502821.1097002},"market":"BTC-PERP","type":"update"}
{"channel":"orderbook","data":{"action":"update","asks":[[42074,1.5098]],"bids":[[42048,7.9059999999999997]],"checksum":1661580678,"time":1642502821.1349978},"market":"BTC-PERP","type":"update"}
{"channel":"orderbook","data":{"action":"update","asks":[],"bids":[[42062,0.044699999999999997],[42051,0.49490000000000001],[41962,0]],"checksum":1620536599,"time":1642502821.1595712},"market":"BTC-PERP","type":"update"}
{"channel":"orderbook","data":{"action":"update","asks":[[42068,1.1595],[42078,2.0333999999999999]],"bids":[[42051,0.49790000000000001]],"checksum":2591131711,"time":1642502821.184762},"market":"BTC-PERP","type":"update"}
{"channel":"orderbook","data":{"action":"update","asks":[[42069,1.02],[42169,0]],"bids":[[42050,1.4077],[42022,0.20960000000000001]],"checksum":3502731631,"time":1642502821.2100866},"market":"BTC-PERP","type":"update"}
{"channel":"orderbook","data":{"action":"update","asks":[[42074,0.65700000000000003],[42078,2.0032000000000001]],"bids":[[42051,0.38829999999999998],[42023,9.9459],[42021,1.5055000000000001]],"checksum":1742343559,"time":1642502821.235199},"market":"BTC-PERP","type":"update"}
{"channel":"orderbook","data":{"action":"update","asks":[[42069,0],[42082,2.0059999999999998],[42169,0.68999999999999995]],"bids":[[42061,0.79400000000000004]],"checksum":830708661,"time":1642502821.2625892},"market":"BTC-PERP","type":"update"}
{"channel":"orderbook","data":{"action":"update","asks":[[42102,6.5743999999999998]],"bids":[[41996,19.762899999999998]],"checksum":2615145138,"time":1642502821.2847908},"market":"BTC-PERP","type":"update"}
{"channel":"orderbook","data":{"action":"update","asks":[[42067,4.7794999999999996],[42102,6.5551000000000004]],"bids":[[42066,1.6686000000000001],[42008,1.0159]],"checksum":2643777162,"time":1642502821.310127},"market":"BTC-PERP","type":"update"}
{"channel":"orderbook","data":{"action":"update","asks":[[42068,1.0275000000000001]],"bids":[[42062,0.13170000000000001],[42056,3.2517],[42008,0.95269999999999999]],"checksum":463971041,"time":1642502821.3490634},"market":"BTC-PERP","type":"update"}
{"channel":"orderbook","data":{"action":"update","asks":[[42070,1.2347999999999999],[42071,1.1316999999999999],[42087,0.64159999999999995],[42149,0.087900000000000006]],"bids":[[42066,1.9752000000000001],[42056,3.1421000000000001],[41994,7.2666000000000004]],"checksum":1668996690,"time":1642502821.3863294},"market":"BTC-PERP","type":"update"}
{"channel":"orderbook","data":{"action":"update","asks":[[42069,0.14999999999999999],[42095,10.068899999999999],[42169,0]],"bids":[],"checksum":1858988353,"time":1642502821.4109375},"market":"BTC-PERP","type":"update"}
{"channel":"orderbook","data":{"action":"update","asks":[[42081,8.6838999999999995]],"bids":[],"checksum":781176389,"time":1642502821.4359574},"market":"BTC-PERP","type":"update"}
{"channel":"orderbook","data":{"action":"update","asks":[[42079,1.3146],[42088,3.7494999999999998]],"bids":[],"checksum":994386072,"time":1642502821.4617844},"market":"BTC-PERP","type":"update"}
{"channel":"orderbook","data":{"action":"update","asks":[],"bids":[[42066,1.7605],[42054,0.71409999999999996]],"checksum":4048996493,"time":1642502821.4862754},"market":"BTC-PERP","type":"update"}
{"channel":"orderbook","data":{"action":"update","asks":[[42092,8.0998000000000001]],"bids":[[42050,9.8832000000000004],[41992,0.088999999999999996]],"checksum":87524964,"time":1642502821.5116472},"market":"BTC-PERP","type":"update"}
{"channel":"orderbook","data":{"action":"update","asks":[[42096,25.860299999999999]],"bids":[[42048,0.49180000000000001]],"checksum":1703855764,"time":1642502821.5375626},"market":"BTC-PERP","type":"update"}
{"channel":"orderbook","data":{"action":"update","asks":[[42067,4.7845000000000004],[42079,5.0171000000000001]],"bids":[[41994,7.4570999999999996]],"checksum":2635709573,"time":1642502821.5866773},"market":"BTC-PERP","type":"update"}
{"channel":"orderbook","data":{"action":"update","asks":[[42080,3.3765000000000001],[42085,1.0488]],"bids":[[42066,1.5206999999999999]],"checksum":1965595675,"time":1642502821.6136889},"market":"BTC-PERP","type":"update"}
{"channel":"orderbook","data":{"action":"update","asks":[[42152,0.90629999999999999]],"bids":[],"checksum":2659370773,"time":1642502821.6624172},"market":"BTC-PERP","type":"update"}
{"channel":"orderbook","data":{"action":"update","asks":[[42069,1.3400000000000001]],"bids":[[42066,1.7414000000000001]],"checksum":1455491477,"time":1642502821.6861095},"market":"BTC-PERP","type":"update"}
{"channel":"orderbook","data":{"action":"update","asks":[],"bids":[[42009,1.6351]],"checksum":2422228267,"time":1642502821.7367556},"market":"BTC-PERP","type":"update"}
{"channel":"orderbook","data":{"action":"update","asks":[[42080,3.4765000000000001],[42089,1.7281],[42100,3.2690000000000001]],"bids":[],"checksum":4040039684,"time":1642502821.7615492},"market":"BTC-PERP","type":"update"}
{"channel":"orderbook","data":{"action":"update","asks":[[42134,7.9630999999999998]],"bids":[[42028,1.4395],[42011,4.8784000000000001]],"checksum":2474733528,"time":1642502821.7898934},"market":"BTC-PERP","type":"update"}
{"channel":"orderbook","data":{"action":"update","asks":[[42083,5.6166999999999998],[42088,4.0221999999999998]],"bids":[[42045,1.8689],[42028,1.5703],[42026,2.5142000000000002]],"checksum":1339613650,"time":1642502821.8111844},"market":"BTC-PERP","type":"update"}
{"channel":"orderbook","data":{"action":"update","asks":[],"bids":[[42066,1.5266999999999999]],"checksum":4264268885,"time":1642502821.8353162},"market":"BTC-PERP","type":"update"}
{"channel":"orderbook","data":{"action":"update","asks":[[42131,9.3931000000000004]],"bids":[[42002,4.7423000000000002]],"checksum":1025961530,"time":1642502821.8605437},"market":"BTC-PERP","type":"update"}
{"channel":"orderbook","data":{"action":"update","asks":[],"bids":[[42056,2.5082],[42005,5.4851000000000001],[41963,0]],"checksum":2593359158,"time":1642502821.9109488},"market":"BTC-PERP","type":"update"}
{"channel":"orderbook","data":{"action":"update","asks":[[42085,1.1488]],"bids":[[42044,3.6292]],"checksum":1654199291,"time":1642502821.9880383},"market":"BTC-PERP","type":"update"}
{"channel":"orderbook","data":{"action":"update","asks":[],"bids":[[42066,1.7414000000000001]],"checksum":3546965628,"time":1642502822.0115094},"market":"BTC-PERP","type":"update"}
{"channel":"orderbook","data":{"action":"update","asks":[[42076,1.9508000000000001],[42088,3.7494999999999998]],"bids":[[42047,0.77049999999999996]],"checksum":122315282,"time":1642502822.061856},"market":"BTC-PERP","type":"update"}
{"channel":"orderbook","data":{"action":"update","asks":[[42067,4.7895000000000003]],"bids":[[42041,1.9981]],"checksum":1615944729,"time":1642502822.0869906},"market":"BTC-PERP","type":"update"}
{"channel":"orderbook","data":{"action":"update","asks":[],"bids":[[42043,1.8511]],"checksum":4034922624,"time":1642502822.1122956},"market":"BTC-PERP","type":"update"}
{"channel":"orderbook","data":{"action":"update","asks":[[42072,0.1487]],"bids":[],"checksum":1706443617,"time":1642502822.1377089},"market":"BTC-PERP","type":"update"}
{"channel":"orderbook","data":{"action":"update","asks":[[42080,3.3765000000000001],[42094,4.0014000000000003]],"bids":[[42065,0.1013],[42064,1.659],[42039,0.58479999999999999],[41999,0.0060000000000000001],[41964,0]],"checksum":3788355565,"time":1642502822.163115},"market":"BTC-PERP","type":"update"}
{"channel":"orderbook","data":{"action":"update","asks":[],"bids":[[42066,1.7934000000000001],[42060,5.2485999999999997]],"checksum":2454558855,"time":1642502822.1880932},"market":"BTC-PERP","type":"update"}
{"channel":"orderbook","data":{"action":"update","asks":[[42069,0.14999999999999999],[42073,0.10100000000000001]],"bids":[],"checksum":3308431249,"time":1642502822.2113934},"market":"BTC-PERP","type":"update"}
{"channel":"orderbook","data":{"action":"update","asks":[[42073,0.10000000000000001]],"bids":[[42000,7.0228000000000002]],"checksum":2501043882,"time":1642502822.2369752},"market":"BTC-PERP","type":"update"}
{"channel":"orderbook","data":{"action":"update","asks":[[42079,10.0671]],"bids":[[42066,1.5266999999999999],[42060,5.2515999999999998],[42048,9.5446000000000009]],"checksum":2665708838,"time":1642502822.2623222},"market":"BTC-PERP","type":"update"}
{"channel":"orderbook","data":{"action":"update","asks":[[42081,3.0775999999999999]],"bids":[],"checksum":1626749091,"time":1642502822.2897165},"market":"BTC-PERP","type":"update"}
{"channel":"orderbook","data":{"action":"update","asks":[[42069,1.1799999999999999]],"bids":[[42050,1.4077]],"checksum":3200931977,"time":1642502822.3114293},"market":"BTC-PERP","type":"update"}
{"channel":"orderbook","data":{"action":"update","asks":[[42090,4.9314]],"bids":[[42065,0],[42028,1.4045000000000001],[42017,2.4135],[41964,22.359999999999999]],"checksum":2850676591,"time":1642502822.3622305},"market":"BTC-PERP","type":"update"}
{"channel":"orderbook","data":{"action":"update","asks":[],"bids":[[42066,1.7414000000000001],[42060,5.2485999999999997]],"checksum":1285685451,"time":1642502822.387136},"market":"BTC-PERP","type":"update"}
{"channel":"orderbook","data":{"action":"update","asks":[[42073,0.10100000000000001]],"bids":[],"checksum":180376505,"time":1642502822.4118416},"market":"BTC-PERP","type":"update"}
{"channel":"orderbook","data":{"action":"update","asks":[],"bids":[[42056,2.5102000000000002]],"checksum":922516555,"time":1642502822.4363613},"market":"BTC-PERP","type":"update"}
{"channel":"orderbook","data":{"action":"update","asks":[[42073,0.10000000000000001]],"bids":[[42043,1.6413]],"checksum":517416758,"time":1642502822.4862576},"market":"BTC-PERP","type":"update"}
{"channel":"orderbook","data":{"action":"update","asks":[[42067,4.2422000000000004]],"bids":[[42054,0.60450000000000004]],"checksum":3089459985,"time":1642502822.5110259},"market":"BTC-PERP","type":"update"}
{"channel":"orderbook","data":{"action":"update","asks":[[42067,2.5242],[42087,0.9143]],"bids":[[42066,1.5266999999999999],[42060,5.2515999999999998],[42007,0.82750000000000001]],"checksum":509273498,"time":1642502822.5374663},"market":"BTC-PERP","type":"update"}
{"channel":"orderbook","data":{"action":"update","asks":[[42067,1.8492999999999999],[42069,0.14999999999999999],[42072,0.029999999999999999],[42163,0.0011000000000000001]],"bids":[[42066,2.1983999999999999],[42054,1.9165000000000001],[42044,3.839]],"checksum":3609256340,"time":1642502822.5638096},"market":"BTC-PERP","type":"update"}
{"channel":"orderbook","data":{"action":"update","asks":[],"bids":[[42066,2.2784],[42063,0.81799999999999995],[42061,0.7571],[42054,2.0261],[42050,10.9758]],"checksum":364624239,"time":1642502822.5881541},"market":"BTC-PERP","type":"update"}
{"channel":"orderbook","data":{"action":"update","asks":[[42067,1.8142],[42068,0.52390000000000003],[42070,1.1785000000000001],[42081,8.4606999999999992]],"bids":[[42066,2.5152999999999999],[42064,3.4979],[42048,0.49180000000000001]],"checksum":3187880119,"time":1642502822.6125131},"market":"BTC-PERP","type":"update"}
{"channel":"orderbook","data":{"action":"update","asks":[[42079,5.0171000000000001],[42164,10.3223]],"bids":[[42066,2.6665000000000001],[42065,0.41810000000000003],[42063,1.9557],[41977,4.0395000000000003],[41964,0]],"checksum":919552173,"time":1642502822.6379888},"market":"BTC-PERP","type":"update"}
{"channel":"orderbook","data":{"action":"update","asks":[[42067,1.7376],[42071,0.13170000000000001],[42073,0],[42088,1.4923],[42169,0.68999999999999995]],"bids":[[42066,2.7143000000000002],[42055,5.8137999999999996]],"checksum":83445975,"time":1642502822.6638408},"market":"BTC-PERP","type":"update"}
{"channel":"orderbook","data":{"action":"update","asks":[[42067,1.5409999999999999],[42074,0.53810000000000002],[42081,3.0154999999999998]],"bids":[[42066,3.0804999999999998],[42054,1.9072],[42052,7.0854999999999997]],"checksum":1903542349,"time":1642502822.6900899},"market":"BTC-PERP","type":"update"}
{"channel":"orderbook","data":{"action":"update","asks":[[42067,1.3676999999999999],[42071,0.086999999999999994],[42083,11.986000000000001],[42089,3.9851999999999999],[42096,25.563400000000001]],"bids":[[42066,3.3513000000000002],[42034,5.4527000000000001]],"checksum":4179702692,"time":1642502822.7122433},"market":"BTC-PERP","type":"update"}
{"channel":"orderbook","data":{"action":"update","asks":[[42067,1.0677000000000001],[42070,0.63449999999999995],[42073,0.1187],[42077,2.9466000000000001],[42078,2.1221000000000001],[42087,0.70369999999999999],[42169,0]],"bids":[[42066,3.5659999999999998],[42061,1.5101],[42058,1.1171],[42050,1.4077]],"checksum":1804248004,"time":1642502822.738934},"market":"BTC-PERP","type":"update"}
{"channel":"orderbook","data":{"action":"update","asks":[],"bids":[[42066,4.1459999999999999],[42061,1.5290999999999999]],"checksum":3627543516,"time":1642502822.7612946},"market":"BTC-PERP","type":"update"}
{"channel":"orderbook","data":{"action":"update","asks":[[42071,0.14330000000000001],[42088,1.7649999999999999],[42092,2.6147],[42098,5.7199]],"bids":[[42066,4.7012999999999998],[42060,2.9929999999999999]],"checksum":1434226711,"time":1642502822.7882857},"market":"BTC-PERP","type":"update"}
{"channel":"orderbook","data":{"action":"update","asks":[[42067,0.66269999999999996],[42073,0],[42169,0.68999999999999995]],"bids":[[42066,4.9013],[42062,1.2031000000000001]],"checksum":2744383639,"time":1642502822.8123927},"market":"BTC-PERP","type":"update"}
{"channel":"orderbook","data":{"action":"update","asks":[[42075,5.0073999999999996],[42142,4.2865000000000002],[42155,1.2013]],"bids":[[42062,3.4615999999999998],[41973,0.016],[41970,1.0345]],"checksum":2593471203,"time":1642502822.8378417},"market":"BTC-PERP","type":"update"}
{"channel":"orderbook","data":{"action":"update","asks":[[42079,4.6814],[42093,6.7615999999999996]],"bids":[[42064,1.4979]],"checksum":1127751323,"time":1642502822.8622749},"market":"BTC-PERP","type":"update"}
{"channel":"orderbook","data":{"action":"update","asks":[[42076,2.0695000000000001],[42084,6.6742999999999997]],"bids":[[42066,4.2572000000000001],[42063,0.77070000000000005],[42062,2.3902000000000001],[41975,6.5697999999999999]],"checksum":1447447956,"time":1642502822.8918052},"market":"BTC-PERP","type":"update"}
{"channel":"orderbook","data":{"action":"update","asks":[],"bids":[[42066,6.2572000000000001]],"checksum":113113769,"time":1642502822.9115555},"market":"BTC-PERP","type":"update"}
{"channel":"orderbook","data":{"action":"update","asks":[[42080,3.7122000000000002],[42160,5.0778999999999996]],"bids":[[42066,6.2511999999999999],[42030,5.5675999999999997],[42025,2.5726]],"checksum":42592518,"time":1642502822.9362128},"market":"BTC-PERP","type":"update"}
{"channel":"orderbook","data":{"action":"update","asks":[[42067,1.0677000000000001],[42069,0],[42088,1.4923],[42089,1.7281],[42170,0.29999999999999999]],"bids":[],"checksum":1809284266,"time":1642502822.9621212},"market":"BTC-PERP","type":"update"}
{"channel":"orderbook","data":{"action":"update","asks":[[42085,1.486],[42098,5.7092999999999998]],"bids":[],"checksum":4193930192,"time":1642502822.9850278},"market":"BTC-PERP","type":"update"}
{"channel":"orderbook","data":{"action":"update","asks":[[42089,3.9851999999999999],[42158,17.229700000000001]],"bids":[[42028,1.4009],[42007,0.82279999999999998]],"checksum":2149900252,"time":1642502823.0112312},"market":"BTC-PERP","type":"update"}
{"channel":"orderbook","data":{"action":"update","asks":[[42076,1.9508000000000001],[42080,3.3765000000000001],[42089,4.2579000000000002],[42147,5.0099999999999998]],"bids":[],"checksum":3508899152,"time":1642502823.0358586},"market":"BTC-PERP","type":"update"}
{"channel":"orderbook","data":{"action":"update","asks":[[42067,1.0627],[42084,6.4743000000000004],[42085,1.1488],[42094,3.6013999999999999],[42100,3.2795999999999998],[42159,3.0756000000000001]],"bids":[[42066,6.4659000000000004],[41997,2.1269],[41985,0.91469999999999996],[41978,6.2933000000000003]],"checksum":433835953,"time":1642502823.0622468},"market":"BTC-PERP","type":"update"}
{"channel":"orderbook","data":{"action":"update","asks":[],"bids":[[42056,2.1362000000000001]],"checksum":974834444,"time":1642502823.0872421},"market":"BTC-PERP","type":"update"}
{"channel":"orderbook","data":{"action":"update","asks":[[42076,2.0695000000000001],[42081,3.3512]],"bids":[[42029,5.6212999999999997],[42017,2.9550000000000001],[42008,0.95740000000000003]],"checksum":2936350421,"time":1642502823.1132894},"market":"BTC-PERP","type":"update"}
{"channel":"orderbook","data":{"action":"update","asks":[[42085,1.486]],"bids":[],"checksum":141027531,"time":1642502823.1379859},"market":"BTC-PERP","type":"update"}
{"channel":"orderbook","data":{"action":"update","asks":[[42089,3.6579999999999999]],"bids":[[42066,6.3685999999999998],[42030,5.2050999999999998],[42025,2.1375999999999999],[42000,6.4229000000000003]],"checksum":3654472952,"time":1642502823.1673737},"market":"BTC-PERP","type":"update"}
{"channel":"orderbook","data":{"action":"update","asks":[[42080,3.3359000000000001]],"bids":[[42066,6.1288],[42017,2.4135],[41993,5.3099999999999996]],"checksum":853782064,"time":1642502823.2053394},"market":"BTC-PERP","type":"update"}
{"channel":"orderbook","data":{"action":"update","asks":[[42068,0.79590000000000005]],"bids":[[42066,5.9141000000000004],[42045,1.6786000000000001]],"checksum":1661249598,"time":1642502823.2312038},"market":"BTC-PERP","type":"update"}
{"channel":"orderbook","data":{"action":"update","asks":[[42076,1.9508000000000001],[42085,1.1488],[42089,3.3853]],"bids":[[42040,2.0895000000000001]],"checksum":500469183,"time":1642502823.3052719},"market":"BTC-PERP","type":"update"}
{"channel":"orderbook","data":{"action":"update","asks":[[42081,3.0154999999999998],[42084,6.6742999999999997],[42166,0.20000000000000001]],"bids":[[42061,1.6011],[42051,0.076799999999999993],[42042,23.8123],[41997,2.3269000000000002],[41986,0.40000000000000002],[41965,0]],"checksum":1846378778,"time":1642502823.347353},"market":"BTC-PERP","type":"update"}
{"channel":"orderbook","data":{"action":"update","asks":[[42081,2.6128999999999998]],"bids":[[42055,6.1878000000000002],[42042,23.822299999999998]],"checksum":338683544,"time":1642502823.3630626},"market":"BTC-PERP","type":"update"}
{"channel":"orderbook","data":{"action":"update","asks":[[42077,3.0653000000000001],[42078,2.1320999999999999],[42086,0.41470000000000001],[42088,1.7649999999999999]],"bids":[],"checksum":1766885726,"time":1642502823.3893137},"market":"BTC-PERP","type":"update"}
